2034 3329
338 162 374 186 vr
1002 145 1268 180 PRAEFATIO

407 238 569 281 Insulae
593 238 726 279 forma
751 236 840 278 fere
864 233 1146 289 pyramidalis,
1168 245 1262 274 uam
1284 230 1489 286 Epomeus
1512 242 1632 272 mons
1654 229 1713 282 (S.
1740 228 1901 282 Nicola)

341 306 386 346 in
413 304 536 357 ipsius
558 303 697 343 medio
721 313 828 355 pene
850 300 1027 352 assurgit
1050 298 1126 353 (1),
1160 301 1202 339 et
1223 297 1348 339 totius
1372 296 1530 337 insulae
1563 296 1799 347 primaevus
1832 295 1905 335 ha-

337 372 496 414 bendus
513 373 592 411 est.
614 369 701 411 Alii
719 368 998 422 depressiores
1032 370 1101 407 aut
1119 365 1240 406 colles
1267 365 1385 405 illum
1404 363 1591 417 proxime
1607 362 1871 403 circumdant
1892 393 1903 411 ‚

337 437 404 478 vel
424 434 476 476 ab
502 447 551 475 eo
575 446 717 487 parum
742 432 891 473 remoti
920 444 930 471 z
954 432 1014 471 sic
1049 431 1098 471 ad
1121 430 1323 470 orientem
1362 431 1537 480 vergunt
1574 426 1717 467 Monte
1749 425 1863 468 Vecta
1887 458 1900 475 ‚

338 504 480 545 Monte
508 501 698 553 Τνὶρρίιὶ,
720 501 858 542 Monte
889 497 1035 544 Vezza,
1062 496 1201 537 Monte
1217 497 1259 536 di
1280 496 1576 546 Campaqnano
1598 525 1608 542 ‚
1645 506 1823 548 quorum
1845 494 1909 535 ul-

340 570 436 611 timi
462 569 593 621 magis
617 600 627 618 ,
652 580 773 622 quam
793 567 864 608 alii
888 597 898 613 ‚
938 564 991 605 ab
1020 565 1090 605 illo
1107 564 1256 605 remoti
1276 576 1288 609 ς
1314 563 1426 603 iuter
1449 562 1689 614 aquilonem
1708 566 1750 603 et
1768 561 1908 602 orien-

340 641 424 678 tem
451 635 600 676 Bucelo
621 666 632 684 ,
659 635 827 681 Rotam,
854 636 1131 685 Montaqnone
1150 662 1160 679 ‚
1197 632 1267 685 qni
1296 631 1376 671 dno
1407 631 1656 682 posteriores
1675 630 1909 672 vulcauicn-

338 715 430 743 rum
454 705 660 743 craterum
683 702 861 742 formam
895 701 1029 741 adliuc
1061 699 1250 752 apprime
1283 702 1481 746 servaut;
1509 698 1676 739 taudem
1719 698 1768 739 ad
1790 697 1908 750 aqui-

342 767 476 807 lonem
500 765 641 806 Monte
664 777 799 805 nuovo
822 769 862 805 et
886 763 1138 804 Mai-ecocco.
1169 762 1233 803 Ad
1267 762 1373 802 hanc
1394 762 1476 814 ipsa
1491 774 1529 801 m
1561 762 1725 815 plagam
1764 761 1908 802 Monte

350 832 442 873 Vico
463 836 504 874 ct
519 831 634 880 Zale;
656 833 706 873 ad
725 844 912 873 occasum
936 832 1071 871 Pania
1089 829 1438 880 delljlmperatore
1456 841 1467 877 ;
1493 830 1542 870 ad
1567 833 1748 871 austrum
1783 829 1904 871 Pun-

341 903 386 937 τα
411 897 691 949 Sant'Anqelo
717 899 781 947 (ad
804 896 919 949 cnjus
944 896 1095 936 vicinia
1117 895 1331 937 corallium
1357 895 1554 950 piscatur)
1578 927 1589 944 ‚
1613 897 1664 937 ad
1685 897 1897 938 orientem

340 961 482 1002 Punta
509 963 550 1004 di
572 960 615 1002 S.
641 961 798 1008 Pielm,
817 961 1040 1013 praecipua
1065 960 1350 1011 promontoria
1372 961 1652 1001 constituunt.

409 1026 571 1067 Insulae
596 1027 795 1067 circuitus
829 1025 1014 1079 (sinubus
1046 1024 1371 1077 comprehensis)
1405 1037 1482 1076 per
1506 1025 1701 1066 milliaria
1734 1025 1907 1067 octode-

349 1092 430 1132 cim
467 1091 739 1145 geographica
762 1091 1007 1131 extenditur
1037 1103 1048 1137 ;
1073 1090 1257 1145 quinque
1295 1091 1495 1132 milliaria
1518 1091 1751 1133 latitudiuis
1778 1091 1906 1132 habet

340 1159 390 1199 ab
411 1158 572 1199 oriente
595 1160 644 1200 ad
666 1170 871 1205 occasum,
899 1169 945 1197 ac
968 1157 1045 1198 tria
1068 1159 1118 1198 ab
1135 1161 1274 1199 austro
1297 1158 1347 1199 ad
1367 1159 1551 1207 boream;
1573 1158 1755 1212 denique
1783 1159 1910 1212 ipsius

340 1226 579 1278 superficies
601 1225 917 1280 quatuordecim
944 1224 1137 1266 milliaria
1158 1226 1356 1279 quadrata
1379 1230 1572 1277 occupat.

399 1296 616 1345 Augustae
634 1293 829 1346 planities
847 1292 904 1348 (2)
923 1293 1063 1333 sabulo
1083 1293 1327 1347 feldspatico
1347 1292 1441 1334 albo
1462 1293 1682 1346 lucidoque
1700 1293 1908 1334 obductae

346 1358 448 1399 litus
470 1362 629 1400 tautum
652 1361 820 1406 tenent,
846 1358 954 1411 qnod
979 1358 1020 1397 in
1046 1358 1206 1411 reliquo
1228 1358 1388 1410 maJ‘ore
1412 1360 1500 1411 eJ'ns
1526 1358 1688 1399 ambitu
1709 1369 1831 1410 rupes
1853 1357 1904 1398 ad

340 1425 681 1480 perpendiculum
700 1425 785 1466 fere
803 1426 962 1466 excisas
980 1426 1117 1472 haben
1144 1437 1299 1479 eaeque
1316 1427 1514 1478 fluctuum
1534 1426 1692 1478 impetu
1712 1425 1910 1478 frequen-

341 1496 407 1533 ter
429 1503 645 1544 percussae
666 1503 714 1535 ac
731 1492 948 1535 diffractae
980 1503 1176 1534 cavernas
1202 1491 1258 1546 (3)
1285 1492 1525 1547 formasque
1548 1494 1776 1548 peculiares
1798 1492 1907 1533 refe-

345 1562 444 1600 runt
467 1558 544 1610 (Ιι).

400 1626 525 1668 Sinus
547 1626 667 1679 pauci
690 1631 733 1668 et
754 1626 921 1680 angusti
945 1625 1022 1681 (ὃ),
1047 1626 1117 1681 qui
1135 1626 1264 1670 etiam
1294 1627 1528 1669 minoribns
1549 1627 1718 1670 navibus
1740 1628 1908 1680 portum

341 1694 512 1735 minime
529 1696 653 1736 fidum
677 1696 891 1748 praebent.
916 1696 1062 1748 Campi
1086 1707 1181 1738 vere
1203 1697 1391 1750 pratiferi
1411 1697 1715 1743 desiderantur,
1742 1699 1785 1736 et
1807 1694 1907 1735 inde

339 1773 436 1802 oves
453 1774 705 1816 capreaeque
728 1763 1016 1814 paucissimae.
1044 1765 1179 1806 Valles
1202 1765 1366 1818 apricae
1387 1776 1433 1805 ac
1457 1766 1540 1805 late
1573 1768 1764 1817 patentes
1798 1762 1912 1803 inter

339 1832 569 1884 Epomeum
591 1833 633 1872 et
658 1830 1116 1885 Campaqnano(6);sed
1135 1845 1274 1885 quaea
1291 1833 1542 1885 pluvialibus
1560 1833 1678 1885 aquis
1695 1833 1913 1873 excavatae

339 1908 462 1948 saepe
485 1907 506 1936 a
532 1896 681 1937 montis
704 1898 856 1938 vertice
878 1898 927 1938 ad
953 1899 1047 1939 litus
1063 1899 1369 1950 protenduntur
1387 1901 1521 1952 (vulgo
1538 1900 1677 1940 dictae
1700 1897 1842 1950 Cave),
1869 1907 1914 1945 et

340 1960 446 2003 istae
468 1965 514 2004 ut
535 1963 759 2014 plurimum
782 1963 1096 2016 angustissimae
1119 1975 1165 2005 ac
1188 1964 1537 2017 profundissimae
1567 1970 1660 2005 sunt
1686 1963 1763 2018 (7),
1791 1974 1911 2016 prae-

387 2142 435 2186 (1)
452 2141 637 2186 Praecipuae
654 2143 831 2176 altitudines
848 2144 1003 2177 montium
1018 2144 1213 2192 aliorumque
1228 2147 1366 2182 locorum
1383 2160 1475 2192 supra
1493 2160 1576 2181 mare
1592 2148 1625 2180 in
1642 2148 1778 2192 apposita
1805 2147 1915 2181 tabula

349 2195 386 2228 ad
401 2194 497 2236 hujus
513 2195 654 2238 opusculi
671 2196 787 2228 calcem
805 2197 999 2229 referuntur.

389 2250 438 2294 (2)
456 2249 623 2289 Mandria,
643 2248 774 2292 Bagno,
794 2253 915 2290 Laeco,
934 2249 1049 2292 Fort'o‚
1069 2250 1227 2282 Mamali.

386 2304 437 2347 (3)
463 2303 584 2336 Grotta
600 2304 639 2335 di
652 2311 751 2343 zerra,
774 2305 893 2338 Grolla
908 2306 964 2337 del
980 2306 1106 2338 Lacca.

390 2356 439 2399 (4)
454 2354 568 2388 Punta
583 2356 767 2396 Gamllaro,
785 2356 902 2389 Punla
917 2357 1006 2389 della
1026 2356 1150 2389 Gnora.

389 2408 439 2449 (ὅ)
456 2406 583 2445 Ischia,
602 2406 730 2450 Bagno,
750 2409 1014 2446 Gasanu'cciola,
1032 2405 1145 2444 Faria,
1167 2403 1191 2438 S
1219 2402 1360 2445 Angcſtr,
1380 2400 1539 2434 Mummi,

386 2458 436 2502 (6)
454 2458 547 2491 Valle
562 2459 620 2491 del
635 2461 790 2499 Crovone,
806 2460 966 2493 Chianole
981 2460 1036 2492 del
1055 2457 1237 2495 Tamania,
1248 2454 1345 2491 Piea,
1365 2456 1398 2485 la
1411 2452 1542 2490 Sinna,
1557 2449 1733 2491 Chiajana,
1755 2448 1907 2482 (tannia-

345 2511 398 2549 m',
421 2511 580 2544 Chianolc
601 2510 641 2543 di
655 2509 689 2545 S.
701 2511 843 2545 Michele
859 2535 869 2552 ,
886 2511 926 2544 di
940 2510 974 2545 S.
993 2511 1183 2548 Domenico,
1201 2519 1219 2541 e
1235 2506 1549 2542 dell'Annanciata,
1567 2502 1721 2535 Planum
1734 2502 1798 2544 fra
1813 2501 1902 2534 Pan-

348 2574 391 2596 ια
403 2575 421 2597 e
437 2563 550 2599 Forio.

388 2616 438 2661 (7)
453 2617 538 2650 Inter
553 2615 728 2662 aquilonem
744 2620 775 2650 et
788 2616 912 2649 boream
928 2638 937 2653 ,
956 2615 1045 2649 cava
1061 2614 1099 2646 di
1124 2612 1265 2650 Βιιεείο,
1291 2610 1362 2655 plus
1379 2610 1509 2643 inferius
1520 2608 1601 2641 dicta
1622 2608 1714 2643 Cava
1729 2609 1786 2641 del
1805 2609 1917 2643 cam-

351 2670 457 2711 siello,
475 2671 546 2705 inde
558 2673 597 2704 di
613 2672 779 2714 Cerambzy·
794 2672 884 2707 Cava
894 2671 933 2703 di
946 2669 1173 2707 Brusomonte‚
1197 2666 1269 2701 inde.
1288 2666 1416 2699 inferius
1433 2664 1720 2703 dell'Armm‘eIIO,
1741 2663 1862 2697 landem
1881 2663 1922 2695 di

352 2723 830 2772 Ombmscvij'adell'acqust
840 2724 1010 2766 bollenle,e
1017 2721 1106 2756 della
1113 2719 1147 2754 F
1144 2718 1318 2755 omanazad
1335 2723 1473 2752 anstrum
1481 2718 1571 2754 sara
1586 2717 1624 2750 di
1630 2715 1875 2757 Baranossaea
1885 2718 1923 2749 di
