1982 3334
234 154 257 175 ι)
270 142 293 180 Ο
744 153 909 183 nicorrL.
930 164 982 169 -—-
999 153 1315 180 csnrorurcmzxu

298 238 444 286 Martio,
470 240 589 280 Junio.
616 236 665 289 (D

289 302 410 343 Variat
429 305 549 343 colore
571 303 652 355 plus
672 303 792 342 minus
813 303 955 342 intense
976 303 1116 342 virente
1138 315 1145 340 :
1169 303 1401 352 pubescentia
1422 303 1455 342 in
1480 302 1661 355 paniculae
1694 304 1803 345 ramis

340 363 623 415 pedunculisque
644 362 876 415 eglandulosa
895 361 952 401 vel
970 361 1223 414 glandulifera:
1239 365 1402 404 caulibus
1418 365 1565 410 erectis,
1581 363 1804 416 simplicibus

344 423 672 476 1-02-pollicarihus‚
692 423 749 463 vel
765 423 921 469 diffusis,
939 423 1090 464 ramosis
1109 423 1438 476 1-8—pollicaribus‚
1463 425 1675 464 internodiis
1704 425 1804 464 elon-

344 485 452 535 gatis,
475 483 660 536 paniculae
681 483 790 523 ramis
811 489 895 522 tunc
917 483 1067 534 repetito
1087 483 1312 525 dichotomis:
1338 490 1373 524 at
1394 490 1605 525 constantes
1626 484 1811 525 characte-

337 560 398 587 res
420 553 504 586 sunt
519 547 686 587 bracteae
707 552 743 587 et
762 547 888 597 sepala
909 547 987 585 fere
1011 559 1030 586 a
1051 547 1166 587 medio
1182 548 1224 588 ad
1244 549 1381 601 apicem
1403 548 1471 588 late
1492 548 1570 588 albo
1591 548 1770 587 scariosae
1792 562 1801 587 ε

337 608 465 660 petala
485 607 653 654 candida,
680 619 823 659 semper
843 611 946 646 acute
967 606 1090 654 bifida,
1113 607 1245 660 sepalis
1266 609 1428 660 aequalia
1446 607 1508 648 vel
1528 608 1706 647 breviora:
1729 614 1807 647 sta-

342 670 446 708 mina
468 669 508 714 5,
531 668 715 707 sterilibus
737 666 846 707 nullis
868 667 1098 708 intermixtis:
1123 669 1327 721 pectunculi
1351 670 1495 716 deflexi,
1515 668 1584 707 5-8
1602 667 1665 707 lin.
1687 668 1802 721 longi,

346 733 496 784 ideoque
517 732 671 783 calycem
693 731 799 782 longe
816 731 1046 770 excedentes:
1067 734 1242 784 capsulae
1263 734 1446 780 incurvae,
1465 733 1583 784 calyce
1604 731 1680 771 fere
1697 732 1806 785 duplo

346 793 591 844 longiores—
605 791 811 844 Specimina
832 790 998 838 Svecica,
1014 792 1182 844 Anglica,
1200 806 1239 833 ac
1257 793 1395 835 Gallica
1409 806 1491 834 cum
1507 791 1642 833 nostris
1662 805 1708 833 ex
1722 805 1804 835 asse

349 855 534 906 quadrant.

237 919 274 958 3.
301 918 344 958 C.
368 929 577 958 ossscunum.
605 915 744 957 Chaub.
765 918 806 957 in
827 915 884 957 St.
904 916 987 957 Am.
1011 919 1050 970 sl.
1072 932 1179 971 ayen.
1209 933 1252 973 p.
1275 918 1343 960 181
1360 943 1415 949 -—
1436 920 1480 961 C.
1505 920 1744 973 glutinosum,
1767 933 1800 960 c.

339 981 500 1033 pallens.
522 980 623 1021 Koch
639 994 717 1032 syn.
739 982 794 1021 ed.
815 982 855 1021 2.
872 995 913 1034 p.
931 982 1021 1023 133.

291 1044 334 1083 C.
358 1041 486 1095 pallide
503 1042 621 1082 virens
638 1055 793 1095 superne
810 1042 1223 1095 glanduloso-viscosum
1238 1046 1476 1097 pentandrum
1488 1048 1495 1085 !
1508 1078 1517 1094 ‚
1537 1046 1631 1086 foliis
1648 1045 1813 1098 oblongis

341 1107 572 1159 ovalibusque
589 1108 624 1147 in
644 1107 818 1160 petiolum
848 1109 1039 1149 attenuatis
1056 1110 1303 1162 superioribus
1321 1110 1527 1157 sessilihus,
1550 1112 1734 1164 paniculae
1754 1123 1808 1151 ra-

342 1171 410 1210 mis
426 1172 678 1223 approximatis
698 1172 779 1211 inde
795 1172 1013 1220 divaricatis,
1035 1173 1191 1213 bracteis
1213 1173 1445 1214 inferioribus
1466 1174 1675 1224 herbaceis,
1699 1188 1809 1228 supe-

342 1234 498 1274 rioribus
520 1234 720 1287 sepalisque
741 1237 854 1276 acutis
876 1238 1030 1289 integris
1052 1238 1212 1290 margine
1230 1239 1387 1278 scarioso
1403 1240 1660 1290 angustissimo
1680 1240 1803 1279 termi-

340 1298 449 1345 natis,
471 1298 685 1350 pedunculis
706 1300 904 1340 fructiferis
925 1302 1076 1341 deflexis
1098 1315 1137 1341 ac
1159 1302 1351 1354 elongatis,
1378 1303 1509 1355 petalis
1531 1310 1653 1343 exacte
1685 1303 1804 1344 bifidis

340 1363 458 1414 sepala
475 1363 818 1412 subexccdeutffius,
841 1366 997 1418 capsulis
1019 1366 1181 1418 oblongis
1201 1368 1261 1406 vix
1277 1368 1434 1407 curvatis
1455 1368 1575 1419 calyce
1597 1368 1703 1420 duplo
1727 1367 1806 1407 lon-

346 1427 520 1478 gioribus.

294 1487 345 1526 Ic.
373 1488 416 1528 C.
432 1489 677 1536 varians‚var.
693 1490 901 1538 obscurum,
920 1492 1219 1544 bparuillorum.
1238 1490 1337 1531 Coss.
1359 1498 1393 1532 et
1410 1492 1531 1534 Germ.
1548 1494 1613 1532 att.
1633 1495 1672 1545 fl.
1694 1492 1806 1532 Paris

340 1558 366 1590 t.
387 1551 425 1589 5.
445 1554 472 1603 f.
499 1552 536 1592 6.

290 1615 330 1654 In
351 1616 481 1667 apricis
502 1617 670 1658 herbosis
693 1620 798 1660 siccis
818 1633 826 1666 ;
852 1619 979 1660 Ischia
996 1618 1174 1667 all'Arso‚
1195 1621 1257 1661 sed
1280 1622 1366 1661 satis
1383 1634 1517 1661 rarum.

291 1679 425 1732 Aprili,
453 1680 566 1732 Majo.
593 1685 642 1733 O

284 1740 421 1780 Planta
442 1755 595 1794 superne
618 1745 1074 1797 suhglanduloso-viscosa‚
1110 1748 1258 1800 ideoque
1280 1748 1421 1800 saepius
1443 1748 1602 1788 arenulis
1633 1761 1806 1801 conspur-

337 1809 427 1841 cata:
453 1804 594 1842 habitus
616 1806 756 1845 omnino
776 1807 1041 1858 praecedentis,
1064 1820 1169 1860 aquo
1190 1808 1380 1860 praecipue
1401 1808 1626 1848 bractearum
1651 1814 1687 1848 et
1708 1822 1811 1861 sepa-

341 1865 454 1906 lorum
471 1868 677 1908 charactere
699 1870 896 1910 diversum.

237 1928 274 1965 lt.
302 1927 344 1967 C.
370 1940 548 1969 Lemnum.
572 1928 674 1969 Guss.
695 1944 774 1983 syn.
800 1934 831 1971 1.
849 1946 891 1984 p.
916 1932 1007 1972 510.

288 1992 332 2032 C.
350 1998 516 2044 patenter
527 2006 565 2032 ac
578 1995 735 2035 conserte
752 1995 1063 2049 piloso-hirsutum
1081 1995 1354 2049 eglandulosum
1370 2009 1410 2036 ac
1427 1997 1565 2036 sordide
1582 1997 1807 2049 obscureque

340 2057 523 2097 virescens
534 2060 783 2111 pentandrum!
795 2061 921 2107 ‚caulis
933 2061 1182 2101 erectiusculis
1195 2061 1406 2114 pedunculis
1423 2062 1619 2101 fructiferis
1630 2061 1811 2101 inclinatis

342 2120 591 2173 refractisque,
606 2122 837 2162 inferioribus
854 2123 1090 2175 longioribus,
1101 2123 1255 2163 bracteis
1267 2122 1432 2162 omnibus
1445 2123 1648 2168 herbaceis,
1660 2122 1810 2162 floribus

339 2183 537 2223 laxiuscule
559 2185 1002 2238 dichotomo-paniculatis,
1027 2186 1158 2238 sepalis
1188 2187 1303 2225 acutis
1333 2185 1415 2237 pilis
1436 2185 1812 2238 viscido-glandulosis

344 2246 632 2292 tectis,omnibus
648 2247 690 2286 ad
706 2249 841 2300 apicem
858 2248 1021 2300 margine
1039 2247 1209 2288 scariosis
1225 2246 1341 2298 petala
1356 2246 1520 2298 bipartita
1542 2247 1811 2299 superantibus,

347 2307 502 2360 capsulis
523 2308 668 2347 cernuis
691 2307 809 2358 calyce
830 2320 955 2361 parum
977 2307 1212 2359 longioribus.

298 2371 350 2410 lc.
375 2371 493 2410 nulla.

300 2434 341 2473 ln
363 2434 530 2474 herbosis
550 2436 741 2481 montosis;
764 2448 892 2488 presso
915 2434 956 2475 S.
980 2434 1134 2483 Nicola,
1158 2436 1230 2474 alle
1250 2434 1460 2486 Falanylae,
1484 2438 1526 2476 ed
1547 2438 1584 2476 al
1595 2436 1757 2479 Fusano.

299 2498 431 2551 Aprili,
458 2498 567 2549 Majo.
594 2502 645 2549 O

298 2558 454 2598 Habitus
476 2560 684 2611 sequentis,
708 2572 789 2600 cum
811 2573 880 2613 quo
900 2559 990 2601 male
1012 2561 1199 2601 confusum
1220 2573 1239 2600 a
1260 2559 1389 2601 Rcich.
1411 2563 1445 2601 in
1468 2570 1562 2602 cent.
1591 2564 1648 2604 15.
1673 2578 1714 2617 p.
1739 2565 1803 2606 38.

356 2621 419 2662 sed
441 2622 557 2675 magis
576 2624 796 2677 cespitosum
817 2638 825 2671 ;
855 2626 1060 2678 pedamenti
1080 2624 1187 2678 duplo
1208 2637 1272 2665 seu
1292 2624 1476 2666 breviores
1495 2640 1504 2673 ;
1536 2628 1646 2679 flores
1675 2631 1817 2669 conser-

353 2687 481 2734 tiores,
499 2693 534 2727 et
551 2688 695 2729 habitus
711 2690 852 2734 alienus
870 2705 879 2738 ;
903 2696 1090 2744 praeterea
1106 2691 1140 2732 in
1156 2690 1281 2730 eodem
1302 2690 1377 2731 loco
1402 2691 1509 2731 simul
1524 2693 1736 2745 proveniunt
1753 2706 1816 2735 nec

354 2753 518 2792 nnumin
538 2753 692 2794 alterum
714 2756 866 2803 transit,
899 2756 1200 2808 characteresque
1230 2755 1435 2795 immutatos
1465 2762 1623 2797 servant.
1657 2755 1810 2797 Semina

351 2816 568 2868 rufescentia
588 2819 662 2856 fere
684 2819 810 2865 ovalia,
835 2832 1039 2873 compressa
1063 2820 1167 2861 dorso
1190 2819 1377 2871 granulata
1398 2825 1436 2859 ut
1458 2820 1492 2859 in
1516 2822 1695 2873 sequenti.
