1982 3334
590 198 758 228 nicom.
773 209 824 215 —
840 194 1101 226 coneursum
1555 182 1632 222 307

161 293 391 336 involucrum
411 290 637 332 fructiferum
658 289 771 343 spinis
792 288 942 329 ramosis
961 292 1163 329 tectum—
1186 285 1226 326 ln
1247 284 1369 337 sylvis,
1393 296 1480 337 quae
1500 283 1612 324 Gasa-

156 353 328 394 micctola
349 353 559 397 imminent,
592 350 667 390 loco
689 349 780 388 dicto
800 347 985 395 Giolaria,
1008 351 1160 399 quatuor
1183 346 1329 386 arbores
1347 345 1465 396 hujus
1487 345 1620 396 speciei

161 416 374 469 spectandae
396 419 494 460 sunt,
519 424 668 465 quarum
689 417 840 451 truncus
861 411 1052 451 circuitum
1073 409 1125 449 23
1159 408 1318 462 pedalem
1340 407 1485 448 exhibet
1502 437 1511 454 ‚
1536 419 1619 459 pro-

161 480 313 531 bantque
349 478 462 530 qualis
498 482 533 515 et
568 480 696 526 quanta
717 475 763 513 sit
782 474 1023 525 vegetationis
1043 474 1096 513 vis
1130 474 1165 512 in
1194 472 1258 513 liae
1286 471 1410 512 Insula
1429 502 1438 519 ‚
1462 470 1622 524 quamvis

168 550 267 586 terra
286 544 382 584 arida
403 548 438 584 et
457 552 583 594 aspera
599 541 635 580 in
656 540 732 579 loco
753 538 918 580 indicato.

676 671 757 705 317.
776 667 1001 711 QUERCUS.

468 788 556 831 Lim.
578 802 664 842 qen.
686 788 743 842 pl.
763 788 819 829 ed.
843 786 994 829 Sehreb.
1019 800 1058 829 n.
1085 787 1200 828 1447.

68 918 106 957 1.
134 916 181 964 Q.
210 916 315 957 lLEx.
334 914 419 956 Lim.
438 928 495 968 sp.
518 916 576 968 pl.
602 915 769 955 1412-
789 913 881 955 Ten.
904 914 944 966 fl.
969 926 1059 966 pap.
1077 913 1115 952 5.
1133 926 1174 966 p.
1199 912 1291 953 253.

117 980 170 1021 lc.
196 980 355 1019 Dnham.
381 979 458 1020 avb.
483 981 538 1020 ed.
558 980 596 1019 2.
617 992 650 1019 v.
672 979 708 1019 7.
729 984 755 1019 t.
780 977 835 1020 43
854 1001 905 1009 ·-
930 978 1009 1018 llex
1038 976 1280 1030 angustisolia.
1304 975 1446 1027 Zutny.
1485 977 1618 1016 thcalr.

166 1057 209 1096 p.
231 1043 316 1083 158.

113 1106 328 1147 innumerae
348 1107 538 1147 varietates
558 1105 668 1157 hujus
691 1105 823 1159 speciei
851 1104 985 1158 passini
1019 1111 1217 1145 occurrunt
1237 1116 1246 1150 3
1279 1103 1374 1143 inter
1394 1115 1480 1156 quas
1500 1103 1615 1155 magis

163 1175 282 1209 notatu
303 1170 429 1221 dignae
450 1175 643 1221 sequentes
665 1182 672 1207 :

118 1231 151 1271 b.
175 1233 354 1284 latifolim
379 1233 470 1272 foliis
492 1245 616 1284 nempe
641 1232 657 1271 1
687 1231 750 1281 iffi
772 1231 858 1284 poll.
883 1230 1014 1276 latis‚3
1030 1229 1120 1282 poll.
1140 1228 1275 1281 longis,
1293 1227 1617 1274 serrato-dentatis,

172 1298 232 1331 aut
253 1292 512 1342 integerrimis,
535 1290 669 1342 glabris
693 1290 746 1328 vel
769 1290 895 1329 subtus
915 1290 992 1329 fere
1019 1289 1242 1328 tomentosis.

123 1354 175 1393 lc.
206 1353 285 1391 ilex
305 1351 464 1391 latifolia.
489 1350 630 1401 Zumy.
655 1351 788 1389 theatr.
809 1362 852 1401 p.
878 1348 964 1389 158.

116 1431 149 1457 e.
189 1428 405 1461 racemosa3
445 1414 621 1454 fructibus
652 1412 843 1453 sessilibus
877 1412 911 1452 in
940 1409 1154 1465 pedunculis
1193 1409 1370 1463 elongatis
1399 1409 1619 1463 simplicibus

220 1484 283 1518 aut
295 1479 446 1519 ramosis
462 1478 658 1530 dispositis.

116 1539 129 1578 1
137 1553 158 1579 n
179 1539 378 1585 fruticetis,
402 1544 438 1578 et
458 1538 500 1578 ad
516 1549 625 1591 rupes
642 1536 685 1577 ab
706 1535 808 1578 elatis
827 1534 871 1577 ad
891 1535 1060 1577 demissa.

118 1602 251 1655 Aprili,
275 1603 388 1654 Majo.
421 1603 455 1655 I)

114 1664 232 1716 Vulgo
253 1662 360 1704 mee.

106 1725 226 1766 Arbor
245 1726 349 1774 elata,
373 1726 640 1779 sempervirens
661 1755 670 1772 ,
703 1729 739 1765 at
758 1723 801 1765 ad
820 1735 988 1765 saxorum
1017 1723 1125 1764 rimas
1154 1724 1280 1775 frutex
1300 1721 1538 1775 caespitosus‚
1558 1732 1617 1762 ra-

168 1799 407 1827 tuosissimus.

62 1849 102 1890 2.
130 1849 177 1897 Q.
200 1862 427 1891 PussssseENs.
458 1847 591 1889 Willd.
615 1861 674 1900 sp.
691 1848 747 1900 pl.
771 1847 812 1888 4.
833 1860 876 1901 p.
901 1846 979 1886 450
995 1869 1050 1876 —-
1068 1844 1161 1886 Ten.
1184 1846 1226 1897 fl·
1250 1858 1337 1896 παρ.
1360 1844 1399 1884 5.
1415 1858 1459 1897 p.
1482 1844 1572 1884 961.

122 1916 171 1964 Q.
195 1915 289 1956 soliis
309 1916 468 1955 deciduis
487 1915 691 1967 junioribus
708 1914 876 1966 utrinque
896 1910 1369 1964 albo-lanuginoso-lanatis,
1388 1909 1518 1950 adultis
1542 1909 1623 1949 sub-

173 1984 233 2020 tus
253 1978 532 2031 pubescentibus
547 1978 604 2017 vel
620 1978 760 2017 demum
779 1977 950 2029 glabratis
972 2007 980 2022 ‚
1003 1976 1078 2015 basi
1096 1975 1319 2016 subcordatis
1341 1973 1627 2014 obovato-oblon-

172 2043 229 2095 gis
249 2042 374 2083 obtuse
395 2041 696 2087 sinuato-Iobatis,
719 2040 810 2080 iobis
831 2039 1001 2079 brevibus
1021 2040 1173 2091 integris
1194 2037 1250 2077 vel
1269 2037 1622 2077 subdentato-crena-

173 2106 221 2145 tis
236 2136 244 2152 ‚
268 2104 417 2144 sinubus
437 2105 512 2144 basi
535 2104 672 2150 acutis,
695 2102 873 2143 fructibus
894 2102 1096 2141 immaturis
1117 2102 1276 2140 breviter
1306 2099 1621 2152 glomerato-race-

168 2168 279 2209 mosis
301 2198 310 2215 ‚
328 2167 460 2208 adultis
475 2168 598 2220 paucis
619 2166 880 2207 subsessilibus
894 2197 903 2213 ‚
927 2165 1115 2218 glandibus
1132 2163 1466 2217 oblongo-ovalibus
1487 2162 1617 2216 cupula

168 2232 274 2285 duplo
295 2231 532 2284 longioribus,
554 2231 662 2282 hujus
684 2231 843 2283 squamis
863 2230 1060 2283 adpressis.

117 2295 170 2336 lc.
194 2294 350 2336 Second.
373 2295 487 2337 Chen.
511 2301 538 2336 t.
563 2295 602 2335 5.
626 2307 672 2335 ex
688 2292 1123 2347 Sweet.-—Platiphyllos
1152 2293 1320 2334 foemina.
1347 2290 1501 2332 Dalech.
1530 2290 1616 2330 hist.

139 2362 141 2366 ’
166 2371 208 2411 p.
231 2358 272 2405 Ξ,
297 2363 330 2397 et
349 2358 389 2398 3.

122 2421 163 2461 In
180 2421 345 2462 omnibus
365 2421 547 2462 fruticetis
567 2420 715 2474 passim.

118 2482 251 2534 Aprili,
278 2483 388 2534 Majo.
421 2483 455 2534 I)

121 2545 164 2585 In
185 2545 250 2586 hac
275 2545 398 2585 Insula
419 2545 525 2586 arbor
544 2557 673 2597 magna
693 2549 730 2585 et
751 2542 852 2584 valde
872 2556 1012 2584 comosa
1034 2574 1043 2591 ‚
1070 2544 1224 2597 ejusque
1260 2541 1399 2595 lignum
1437 2545 1544 2582 tenax
1578 2552 1618 2580 ac

169 2607 297 2646 durum
318 2618 403 2659 prae
424 2606 502 2646 aliis
524 2607 636 2657 magis
660 2606 695 2644 in
715 2606 892 2657 praetium
908 2611 978 2645 est.
995 2604 1141 2644 Trunco
1158 2609 1299 2644 resecto
1316 2601 1418 2642 facile
1438 2601 1618 2655 regermi-

173 2673 248 2713 nat‚
272 2667 421 2719 ideoque
443 2667 478 2706 in
495 2665 602 2717 sylvis
625 2666 749 2705 ceduis
770 2664 934 2705 utillima.

67 2730 106 2769 3.
130 2729 177 2777 Q.
203 2730 441 2771 VmoiLiANA.
469 2729 561 2769 Ten.
585 2730 624 2781 fl.
649 2742 741 2782 παρ.
764 2729 802 2769 5.
819 2742 862 2782 p.
885 2727 979 2775 269,
997 2740 1038 2768 an
1060 2726 1152 2767 excl.
1179 2738 1255 2779 syn.
1279 2724 1530 2778 Dalech.,pro
1551 2736 1619 2777 quo

170 2791 295 2831 confer
315 2796 542 2844 sequentem.

119 2853 168 2902 Q.
192 2853 287 2896 foliis
308 2853 470 2896 deciduis
490 2852 596 2905 (laete
617 2850 832 2904 virentibus)
841 2850 1004 2905 oblongis
1025 2862 1132 2905 supra
1153 2849 1397 2904 glaberrimis‚
1412 2848 1620 2900 Junioribus
