1982 3334
341 217 419 256 100
879 223 1048 254 mcorrt.
1067 235 1120 242 —
1136 223 1366 253 conrosmn

447 318 481 352 te
507 310 608 351 Vetto
630 305 706 349 olla
726 309 839 350 salita
858 309 953 349 delle
973 307 1145 354 petrense,
1174 309 1338 360 alpiano
1354 309 1409 348 ἅθ’
1427 307 1556 348 Μαονὶ
1572 311 1630 349 116’
1648 312 1772 363 compi
1792 312 1902 352 colti-

442 376 536 421 υαῐὶ,
559 374 674 414 Fort'o
691 374 751 414 nel
772 374 858 414 letto
880 373 1057 425 argilloso
1077 374 1116 413 dt
1136 374 1330 413 un’antt'ca
1345 373 1470 413 salina
1483 387 1612 426 presso
1633 375 1662 414 il
1680 376 1803 415 diruto
1823 378 1905 428 for-

445 440 525 479 tino
545 438 584 477 cli
606 436 735 478 Citara
750 468 759 485 ‚
782 440 838 477 πί
856 438 923 478 siti
943 438 1114 490 argillosz'.
1134 438 1193 478 det
1213 437 1316 478 bosco
1337 451 1356 477 e
1377 438 1476 477 della
1495 451 1586 478 cava
1603 439 1661 478 del
1675 438 1896 479 Garustello.

393 502 518 549 Junio,
544 501 707 543 Octobri.
736 503 801 553 ὅ,
822 506 859 543 et
884 500 929 555 ΞΛ

392 565 524 607 Cautes
545 566 687 619 saepius
710 566 970 607 decumbentes
992 597 1001 614 ‚
1023 565 1080 606 vel
1102 566 1260 606 surrecti
1280 597 1289 611 ,
1315 564 1568 619 irregulariter
1588 567 1736 613 ramosi,
1761 565 1902 619 glabri,

446 626 502 667 vel
539 639 665 679 sparse
697 626 868 680 hispiduli
888 640 896 666 ε
931 627 1099 666 αητΙιοάὶὶ
1133 625 1528 679 angulato-pyramidati
1562 626 1681 668 foliola
1715 627 1896 667 exteriora

446 693 584 734 erecta,
608 688 671 728 sed
691 688 732 728 ab
753 688 985 728 interioribus
1005 700 1132 741 parum
1161 687 1385 740 longioribus
1414 686 1586 740 parallele
1618 694 1769 736 remota,
1793 689 1905 728 ovali-

446 751 657 799 lanceolata,
680 757 830 792 externe
851 765 1004 792 concava
1025 752 1069 792 ob
1089 751 1271 803 margines
1291 751 1492 799 revolutos,
1513 751 1653 804 glabra,
1688 753 1751 793 sed
1771 753 1910 805 margi-¹

448 815 554 854 nibus
575 815 702 855 crebre
719 815 1039 869 ciliato-spinulosa
1058 829 1066 862 ;
1092 810 1262 855 interiora
1283 816 1463 868 exquisite
1485 816 1549 856 sed
1574 816 1702 856 obtuse
1731 817 1904 863 carinata,

446 875 523 914 basi
544 876 919 929 incrassato—gibbosa,
943 877 1076 929 udique
1096 876 1276 928 hispidula
1295 876 1352 916 vel
1388 876 1550 929 glabrata
1573 908 1582 924 ‚
1619 883 1737 916 tannen
1761 889 1904 929 semper

448 939 515 979 sub
535 940 633 992 apice
653 946 759 981 acuto
782 941 910 981 inermi
932 940 1072 994 spinula
1098 953 1239 980 ramosa
1259 940 1323 980 lin.
1348 940 1456 993 longa
1471 941 1646 982 instructa
1668 954 1676 980 :
1702 941 1905 981 cor-ollulae

449 1012 556 1052 saepe
578 1005 730 1040 externe
750 1001 924 1041 rubentes
945 1016 952 1041 :
982 1003 1125 1041 semina
1145 1001 1364 1042 rufeseentia
1379 1032 1388 1048 ,
1412 1001 1501 1042 levia
1523 1032 1532 1049 ,
1568 1002 1695 1044 obtusa
1715 1033 1725 1050 ,
1756 1002 1878 1043 brevia
1899 1032 1908 1048 ,

452 1063 555 1115 pappi
577 1062 699 1115 stipite
719 1062 877 1104 filiformi
899 1063 1066 1116 elongato
1085 1062 1291 1103 terminata.

998 1195 1079 1229 211.
1099 1193 1252 1229 PICRIS.

720 1307 820 1350 JuSS.
843 1322 929 1361 9611.
956 1308 1197 1350 170-Π66.
1218 1323 1283 1364 pr.
1309 1310 1345 1351 7.
1368 1323 1411 1364 p.
1439 1309 1525 1351 128.

344 1434 379 1473 1.
410 1433 454 1474 P.
479 1445 697 1475 srlxubosx.
723 1434 827 1473 Guss.
852 1447 933 1486 syn.
957 1435 995 1474 2.
1020 1448 1057 1487 p.
1082 1434 1229 1474 400—
1249 1435 1295 1476 P.
1319 1435 1573 1476 hieracioides.
1602 1435 1695 1477 Ten.
1726 1437 1768 1489 fl·
1802 1450 1893 1491 παρ.

450 1498 492 1537 2.
514 1512 555 1551 p.
585 1498 671 1546 180,
695 1511 763 1538 non
785 1497 871 1539 Lin.
890 1523 942 1530 —-
963 1500 1099 1539 Rev-tot.
1118 1501 1158 1552 fl.
1182 1500 1266 1540 icat.
1290 1499 1328 1540 8.
1352 1514 1388 1552 p.
1411 1501 1506 1548 374,
1525 1501 1620 1541 excl.
1641 1514 1718 1553 syn.
1744 1501 1847 1542 Guss.

400 1562 445 1602 P.
471 1562 552 1614 pilis
574 1563 724 1603 surcatis
745 1564 950 1616 patentibus
973 1565 1134 1616 setisque
1156 1565 1251 1604 hirta
1267 1596 1276 1612 ,
1300 1564 1402 1604 caule
1438 1569 1559 1605 erecto
1586 1565 1909 1617 angulato-sulcato

448 1635 605 1671 ramoso,
616 1623 709 1663 foliis
719 1624 1103 1676 oblongo-lanceolalis
1119 1625 1447 1672 dentato-sinuatis,
1462 1625 1717 1678 superloribus
1733 1625 1910 1678 amplexi-

449 1688 612 1729 caulibus
633 1689 798 1742 integris,
827 1690 976 1729 floribus
998 1689 1312 1741 subcorymbosis‚
1330 1689 1542 1742 pedunculis
1574 1701 1644 1728 non
1678 1689 1906 1735 incrassatis,

452 1751 610 1791 anthedii
631 1751 748 1790 villosi
770 1751 900 1791 foliolis
917 1751 958 1790 ad
975 1751 1130 1791 carinam
1148 1750 1565 1804 incrassato-spii]ulosis
1583 1750 1828 1790 exterioribus
1845 1763 1904 1790 se-

451 1811 707 1864 mipatentibus
727 1813 825 1864 apice
847 1811 1139 1864 subsquarrosis,
1162 1824 1274 1864 pappo
1296 1811 1433 1852 sessili.

400 1876 454 1916 lc.
479 1876 687 1916 Hieracium
707 1876 939 1924 altissimum,
963 1876 1205 1930 longifolium,
1228 1878 1424 1924 sinuatum,
1447 1888 1631 1930 asperum,
1646 1875 1829 1923 unicaule,
1848 1888 1907 1930 po-

452 1939 689 1994 lycephalum.
714 1940 810 1981 Bon.
835 1948 861 1982 t.
890 1942 973 1988 151,
1000 1942 1167 1995 optima.-

403 2003 445 2044 ln
468 2003 665 2056 sylvanus,
690 2011 726 2046 et
746 2006 788 2046 ad
808 2018 979 2059 agrorum
1000 2007 1182 2059 margines
1203 2004 1351 2059 ubique.

400 2066 526 2114 drinio,
553 2065 715 2107 Octobri.
743 2069 809 2119 ἅ,
833 2073 870 2107 et
890 2067 935 2121 25

402 2127 521 2180 Vulgo
542 2126 577 2165 Z
580 2128 787 2168 ecchetielti
805 2128 996 2169 minutoli.

408 2191 540 2233 Cautes
561 2191 749 2244 aliquando
771 2193 847 2233 fere
869 2192 1034 2245 orgyales
1055 2205 1063 2232 :
1088 2193 1182 2245 folia
1202 2191 1585 2246 tuberculato-hispida
1605 2205 1613 2233 ε
1650 2193 1759 2245 flores
1795 2191 1876 2233 ssavi
1898 2222 1907 2238 ,

455 2252 641 2298 axillares,
653 2252 708 2292 vel
725 2253 759 2292 in
778 2265 959 2293 ramorum
976 2254 1201 2294 extremitate
1218 2254 1407 2306 glomerati
1419 2277 1474 2283 —
1492 2254 1523 2293 A
1541 2266 1627 2294 vera
1643 2254 1687 2294 P.
1703 2255 1908 2294 hieracioi-

456 2315 499 2352 de
519 2314 637 2353 differt
658 2316 787 2354 notatis
809 2314 1080 2355 characteribus
1102 2346 1110 2362 ,
1134 2316 1194 2368 qui
1216 2316 1361 2355 minime
1382 2315 1572 2356 variabiles
1607 2323 1716 2362 sunt,
1757 2315 1907 2369 proinde

457 2373 549 2413 male
571 2373 628 2414 Cl.
654 2372 806 2414 Schultz.
828 2376 946 2428 (Rip.)
965 2376 999 2414 in
1028 2375 1132 2416 Web.
1153 2376 1259 2428 phyt.
1284 2389 1367 2415 can.
1401 2382 1489 2416 tom.
1512 2377 1552 2417 3.
1574 2390 1679 2430 para.
1698 2377 1737 2418 2.
1757 2377 1900 2417 sect 3.

454 2451 497 2491 p.
517 2438 596 2478 464
619 2439 664 2478 Ρ.
684 2439 1053 2491 grandissoram.Ten.
1074 2441 1178 2493 (quae
1199 2453 1286 2481 vera
1306 2441 1351 2480 P.
1373 2442 1633 2489 hieracioides,
1655 2447 1692 2483 et
1712 2455 1802 2496 quae
1824 2454 1907 2482 non-

470 2500 538 2539 nisi
560 2500 596 2538 in
619 2499 781 2553 Aprutii,
805 2506 841 2540 et
866 2500 1005 2540 Samnii
1028 2501 1209 2553 sylvatieis
1231 2502 1405 2542 montosis
1425 2502 1518 2555 apud
1538 2514 1603 2542 nos
1622 2503 1820 2555 provenit)
1857 2503 1900 2542 P.

466 2563 729 2604 scnberrimam
745 2564 849 2604 Guss.
869 2565 1008 2605 ethanc
1031 2565 1137 2605 simul
1158 2566 1324 2613 associat,
1339 2570 1425 2606 sunt
1445 2565 1610 2618 equidem
1630 2567 1769 2619 species
1790 2566 1911 2607 diver-

463 2625 642 2674 sissimae,
666 2638 757 2679 quac
778 2626 923 2667 cultura
945 2639 1012 2668 non
1035 2633 1236 2675 mutantur,
1260 2639 1325 2668 nec
1345 2627 1508 2680 ejusdcm
1530 2627 1664 2681 speciei
1685 2625 1803 2668 lusus.
