1982 3334
640 204 803 231 mcorri„
824 213 871 219 -ω
888 201 1147 230 ιΕουΜῑΝοεΑΕ
1630 194 1672 232 Ἠ

176 294 229 334 Ic.
254 292 372 333 Sthth.
397 296 438 345 sl.
462 307 518 344 qr.
543 299 569 331 t.
592 291 680 330 685.

175 360 217 400 ln
245 362 376 413 apricis
405 360 553 411 campis,
576 364 612 398 et
642 358 679 397 in
708 355 859 397 collibus
880 370 888 402 ;
914 369 979 396 nec
1000 369 1070 396 non
1093 358 1128 396 in
1149 357 1277 409 apricis
1298 357 1462 400 herbosis
1481 357 1672 411 sylvarum„

174 422 307 474 Aprili,
334 422 440 472 Majo.
467 423 516 469 O

172 483 289 535 Vulgo
309 483 536 535 Lufflniello.

171 542 317 594 Calycis
334 542 465 581 labium
482 540 652 592 superius
668 538 876 592 bipartitum
891 552 900 584 ;
926 539 1008 577 sinu
1024 544 1174 590 angusto
1192 540 1285 579 inter
1300 541 1426 582 dentes
1446 549 1651 583 remanente
1667 557 1677 587 ;

226 607 376 645 inferius
398 606 577 655 integrum
591 635 599 649 ,
623 609 659 642 et
680 603 822 655 longius
843 615 851 640 ς
885 604 1045 642 corollae
1066 615 1212 643 amoene
1229 605 1417 645 coeruleae
1438 620 1446 645 :
1478 609 1620 646 semina
1641 608 1677 645 in

225 666 342 717 planta
363 664 568 704 inarimensi
591 663 751 715 globosa,
775 662 903 709 albida,
927 662 1077 702 maculis
1097 663 1261 704 viridulis
1277 665 1448 706 obsoletis
1469 673 1600 707 notata.
1624 691 1677 696 —-

228 726 274 765 L.
298 725 525 765 reticulatus.
549 723 656 762 Desv.
683 737 772 763 ann.
794 736 845 763 sc.
869 729 946 762 nat.
970 723 1010 763 3.
1028 737 1069 775 p.
1096 723 1185 770 100,
1208 730 1244 763 et
1264 726 1299 764 in
1326 724 1455 779 Walp.
1471 740 1551 779 rep.
1577 730 1612 768 1.
1634 742 1676 780 p„

225 789 304 829 605
323 790 406 828 huic
426 788 526 829 valde
548 788 747 840 proximus,
765 787 879 840 quoad
895 788 1089 840 specimina
1110 787 1240 839 gallica
1262 802 1282 828 a
1304 789 1361 830 Cl.
1378 790 1572 832 Kralichio
1592 793 1680 831 mis—

223 865 261 892 sa
282 867 290 899 ;
315 860 433 893 tamen
455 853 651 893 seminibus
672 852 807 899 differt,
826 865 917 904 quae
940 854 973 891 in
995 857 1118 891 nostra
1137 851 1252 904 planta
1265 854 1425 906 globosa,
1444 855 1572 902 albida,
1587 857 1680 895 varie

224 913 568 954 viridulo-maonlata
583 945 592 959 ‚
617 926 686 953 non
706 925 793 953 vero
813 913 1028 953 reticulatim
1048 914 1141 965 pieta
1165 927 1173 959 ;
1200 916 1247 954 ita
1277 920 1318 954 ut
1338 917 1451 967 quoad
1485 918 1621 957 semina
1640 917 1683 957 ad

225 977 319 1016 hunc
342 984 503 1030 spectare
535 978 685 1028 videtur,
705 977 751 1016 L.
784 977 1036 1029 angustisolius
1058 976 1161 1016 Guss.
1184 991 1262 1029 syn.
1282 979 1321 1018 2.
1338 993 1380 1031 p.
1409 979 1500 1026 260,
1528 993 1592 1019 nec
1614 993 1683 1019 non

224 1038 341 1090 planta
364 1051 476 1091 prope
503 1038 687 1090 Neapolim
721 1039 934 1090 proveniens
965 1039 976 1091 (
998 1038 1159 1089 Buynoli
1179 1069 1188 1085 ‚
1216 1037 1367 1079 Astroni
1383 1071 1392 1086 ‚
1424 1040 1594 1094 Portici)
1616 1073 1624 1088 ‚
1649 1043 1683 1082 in

224 1101 353 1154 quibus
375 1103 510 1142 semina
528 1114 566 1142 re
585 1114 669 1142 vera
690 1101 875 1141 reticulata
895 1102 964 1140 dici
983 1107 1146 1154 possunt,
1165 1114 1203 1141 ac
1224 1103 1348 1142 eodem
1368 1105 1543 1144 seminum
1560 1105 1684 1146 chara-

224 1175 325 1206 ctere
345 1166 387 1205 ad
408 1166 497 1206 hanc
517 1167 672 1219 speciem
693 1179 832 1219 quoque
854 1166 1026 1206 trahenda
1046 1171 1104 1206 est
1125 1168 1205 1206 icon
1237 1167 1282 1206 L.
1314 1169 1402 1208 flore
1422 1168 1589 1209 coeruleo
1618 1170 1680 1208 mi-

227 1231 319 1269 nori.
342 1229 429 1269 Rev.
457 1236 540 1270 τείν.
561 1232 631 1269 irr.
660 1236 687 1268 t.
711 1230 762 1269 29
779 1232 792 1268 Ι
810 1253 863 1260 ν-
882 1229 923 1269 L.
948 1231 1219 1282 lezwospermus
1253 1230 1373 1271 Boiss.
1404 1246 1495 1285 puy.
1516 1235 1572 1285 pl.
1597 1246 1680 1272 nov.

227 1289 310 1343 Afr.
335 1298 368 1331 et
385 1290 495 1343 Hisp.
518 1304 558 1343 p.
577 1291 630 1331 93
651 1296 773 1331 nostro
793 1290 833 1330 L.
854 1292 1095 1343 anryuscz'folio
1116 1292 1249 1338 affinis;
1272 1293 1336 1332 sed
1357 1295 1492 1333 semina
1514 1294 1594 1334 Pisi
1612 1308 1685 1333 ma-

224 1352 406 1404 gnitudine
422 1357 459 1391 et
475 1351 655 1403 legumina
676 1351 800 1391 latiora
815 1364 855 1391 ac
873 1351 1034 1403 longiora
1054 1352 1090 1390 in
1111 1353 1230 1404 specie
1256 1352 1379 1393 Boiss.
1395 1355 1682 1395 sunt—-Incolae

223 1428 306 1455 eum
326 1415 436 1468 hujus
463 1416 600 1469 plantae
630 1417 777 1456 decocto
810 1417 944 1457 Asinos
975 1416 1123 1463 lavant,
1155 1417 1197 1456 ad
1218 1417 1360 1458 illorum
1380 1419 1563 1471 pediculos
1597 1432 1685 1460 ene-

228 1479 370 1519 candos.

116 1542 155 1581 4.
183 1540 228 1580 L.
253 1553 447 1582 tunsurus.
470 1540 555 1581 Lin.
578 1555 637 1594 sp.
659 1543 715 1594 pl.
739 1542 844 1582 2013
860 1565 913 1571 --
933 1540 1024 1581 Ten.
1048 1543 1088 1593 sl.
1113 1555 1204 1596 παρ.
1234 1543 1273 1584 2.
1295 1557 1337 1596 p.
1370 1542 1447 1583 142
1466 1570 1519 1574 —
1541 1544 1679 1584 Bertol.

227 1606 268 1658 sl.
288 1607 370 1645 ital.
392 1606 426 1646 7.
448 1620 490 1658 p.
514 1606 605 1647 412.

180 1670 232 1711 lc.
257 1669 377 1711 Moris
404 1672 444 1723 fl·
472 1672 570 1710 sard.
602 1674 635 1712 1.
655 1677 682 1711 t.
703 1672 765 1712 72.
787 1674 818 1724 f.
844 1674 863 1712 1
882 1694 932 1702 —
952 1671 999 1711 L.
1033 1673 1213 1718 exoticus,
1246 1672 1528 1714 hirsutissimus.
1562 1674 1683 1713 Bauli.

228 1733 313 1771 hist.
332 1733 430 1785 21).
454 1732 543 1773 289.

178 1796 218 1836 ln
239 1798 368 1849 apricis
388 1798 566 1839 fruticetis
586 1797 781 1845 herbosis;
812 1798 929 1839 Lacco
964 1801 1001 1839 al
1034 1806 1157 1840 monte
1191 1799 1279 1842 Vico
1307 1801 1368 1841 nel
1397 1801 1505 1854 luogyo
1533 1804 1629 1842 detto
1648 1806 1686 1843 lo

231 1861 476 1902 Cantariello.

179 1922 311 1975 Aprili,
337 1924 446 1976 Majo.
468 1926 518 1974 Θ
1641 1977 1644 1981 .

173 1984 303 2025 Caules
323 1986 404 2025 2-8-
422 1987 610 2038 pollicares
631 2000 638 2026 :
662 1987 756 2038 folia
777 1992 974 2040 septenata3
997 1987 1132 2028 foliolis
1154 2000 1262 2041 supra
1282 1987 1432 2040 glabris,
1456 1987 1545 2029 laete
1566 1989 1685 2028 vireu-

227 2047 345 2094 tibus,
369 2048 496 2088 subtus
517 2048 642 2088 albidis
662 2048 786 2101 pilosis
806 2061 846 2088 ac
866 2050 1047 2089 carinatis:
1068 2050 1271 2088 bracteolae
1292 2049 1381 2089 duae
1407 2056 1558 2103 anguste
1579 2050 1686 2090 linea-

229 2121 289 2149 res
309 2109 350 2148 ad
371 2108 499 2160 calycis
529 2109 641 2150 latera
661 2123 668 2147 :
693 2110 839 2150 bractea
864 2122 950 2150 vero
969 2116 1121 2162 anguste
1142 2110 1304 2156 linearis,
1324 2110 1526 2164 pedunculo
1546 2111 1686 2163 longior

230 2170 293 2210 illo
315 2170 480 2223 adpressa
503 2185 510 2210 :
531 2172 666 2223 calycis
686 2172 836 2211 virentis
865 2184 905 2211 ac
926 2171 1347 2224 atrocoeruleo-punctati
1373 2179 1409 2211 et
1428 2171 1560 2211 corolla
1580 2172 1686 2224 duplo

229 2231 405 2272 brevioris
430 2231 562 2275 labium
582 2233 750 2285 superius
769 2232 999 2286 2-partitu1m
1015 2232 1184 2272 dentibus
1205 2232 1380 2286 elongatis
1396 2264 1405 2280 ‚
1434 2233 1518 2273 sinu
1539 2233 1609 2273 lato
1629 2246 1689 2274 ro-

232 2293 378 2334 tundato
399 2293 494 2333 inter
510 2293 591 2333 illos
609 2300 815 2335 remanente
834 2308 844 2342 ;
869 2294 1000 2335 labium
1022 2295 1171 2335 inferius
1188 2295 1348 2348 longius,
1367 2295 1540 2348 profunde
1557 2296 1688 2336 triden-

236 2360 348 2395 tatum
368 2369 378 2402 ;
401 2356 565 2397 dentihns
586 2356 659 2408 (uti
676 2356 757 2397 illos
773 2356 857 2397 labii
878 2357 1093 2409 superioris)
1115 2356 1541 2403 lanceolata-linearibus,
1558 2357 1688 2396 aeuus:

233 2417 342 2467 flores
357 2416 447 2456 laete
467 2417 623 2457 coerulei
643 2431 651 2457 :
675 2419 851 2458 vexillum
865 2418 1093 2471 replicatum,
1115 2418 1361 2466 rotundatum,
1383 2418 1684 2463 mucronulatum,

234 2492 389 2533 superne
410 2481 619 2529 carinatum,
631 2481 762 2523 subtus
781 2481 1038 2529 unisulcatum;
1062 2483 1163 2523 sulco
1183 2484 1349 2535 utrinque
1369 2482 1506 2522 macula
1522 2481 1603 2521 alba
1620 2480 1688 2520 sub

233 2542 332 2594 apice
361 2547 594 2582 evanescente
624 2548 768 2589 notat03
793 2544 876 2583 alae
906 2542 1111 2584 concolores
1126 2574 1136 2591 ‚
1158 2554 1288 2583 versus
1313 2543 1447 2595 apicem
1469 2542 1692 2582 conniventi-

231 2603 511 2655 approximatae,
533 2603 665 2644 vexillo
680 2617 805 2658 parum
824 2605 1024 2653 breviores,
1045 2618 1167 2658 ungue
1182 2604 1396 2644 brevissimo
1415 2604 1531 2644 albido
1553 2603 1693 2643 instru-

231 2671 310 2707 ctae
327 2680 336 2713 3
360 2668 492 2707 carina
511 2667 576 2708 alis
597 2669 827 2724 aequssonga,
853 2670 1023 2725 parallele
1043 2682 1174 2711 venosa
1190 2700 1199 2716 ‚
1221 2681 1242 2710 a
1259 2668 1337 2709 basi
1357 2668 1399 2708 ad
1418 2667 1574 2708 medium
1593 2667 1686 2714 alba,

234 2740 254 2766 a
274 2728 390 2768 medio
415 2730 458 2769 ad
487 2730 621 2783 apicem
644 2732 754 2773 nitide
775 2733 1019 2775 atrocoerulea
1048 2746 1087 2775 ac
1103 2737 1460 2775 attenuato-rostrata
1480 2745 1487 2770 :
1522 2733 1689 2783 lequmen

235 2789 322 2829 2-3-
341 2802 538 2843 spermum,
564 2792 687 2834 12-14
707 2794 771 2835 lin.
796 2795 958 2849 longum,
980 2797 1048 2836 2-3
1069 2796 1130 2837 lin.
1156 2796 1281 2842 latum,
1299 2795 1381 2848 pilis
1401 2794 1527 2835 albidis
1547 2794 1691 2846 adpres«

236 2855 286 2894 sis
306 2855 502 2904 hirsutum,
525 2860 685 2900 acumine
705 2858 807 2902 brevi
828 2860 973 2903 incurvo
993 2862 1392 2904 terminatum:semina
1415 2858 1550 2913 glabra,
1574 2857 1692 2897 fusco-
