2034 3329
743 137 1009 170 PRAEFATIO
1568 146 1623 169 xix

75 227 230 269 insulae
268 229 503 268 structura.
542 229 627 266 tum
662 238 861 278 aquarum
890 223 1204 265 medicinalium
1237 226 1379 264 natura
1402 256 1412 271 ‚
1447 228 1487 265 et
1509 225 1618 265 vires

75 296 228 336 fuerint
250 295 567 347 diligentissime
591 295 840 346 exploratae,
867 299 1003 334 tamen
1030 294 1150 333 istius
1171 294 1326 333 lnsulac
1346 305 1409 333 res
1429 293 1619 333 herbaria

78 364 128 403 ab
149 363 320 403 eruditis
344 363 423 402 illis
447 363 548 403 meis
566 363 687 402 sociis
711 362 883 402 minime
905 362 985 401 fuit
1012 365 1281 413 pertractata;
1307 360 1486 413 proinde
1510 361 1618 402 hanc

79 427 180 468 mihi
202 433 395 480 spartam,
422 428 554 480 quoad
578 428 733 479 plantas
757 427 981 466 vasculares
1003 426 1262 466 solummodo
1284 430 1442 478 spectat
1462 457 1472 470 .
1501 439 1619 467 exor-

83 492 257 532 nandam
282 493 458 544 suscepi,
485 493 719 543 plantarum
744 491 1000 532 cellularium
1024 491 1346 543 descriptionem
1369 493 1549 533 consulto
1572 503 1618 532 0-

83 561 272 606 mittens,
291 560 384 612 quia
409 560 486 600 fuit
505 558 589 612 jam
614 561 663 599 ab
686 560 776 599 aliis
799 560 1007 598 inchoata.

134 626 293 668 Genera
319 627 490 667 naturali
512 627 658 667 ordine
676 627 926 667 familiarum
950 626 1167 677 disposita,
1194 631 1239 666 ut
1258 627 1530 679 vegetationis
1549 639 1619 668 na-

73 701 166 737 tura
189 697 350 736 facilius
374 701 713 749 cognoscatur;et
730 697 890 749 quoties
914 709 994 736 non
1025 696 1135 743 Lim,
1157 697 1224 737 sed
1250 696 1419 737 alterius
1441 697 1618 738 auctoris

79 776 229 805 nomen
245 796 254 811 ‚
280 767 352 804 sub
375 777 525 816 genere
548 766 723 817 signavi,
751 769 848 806 tnnc
871 777 996 818 genus
1022 765 1147 809 istud,
1170 765 1227 805 uti
1255 765 1332 805 fuit
1355 777 1378 805 a
1397 766 1524 806 citato
1547 778 1621 805 au-

72 840 182 877 ctore
215 836 440 882 firmatum,
465 837 619 887 recepi.
651 836 875 887 Speciebus
904 836 983 876 rite
1016 835 1194 888 cognitis
1217 836 1302 876 sere
1323 847 1484 889 semper
1508 837 1618 876 nulla

76 906 265 957 specifica
289 905 444 957 phrasis
466 936 476 953 ‚
501 906 569 945 sed
594 904 729 947 brevis
763 906 988 958 descriptio
1012 905 1205 958 adjuncta
1226 920 1238 945 .·
1273 909 1412 946 tamen
1436 906 1622 946 auctoris

78 986 241 1019 nomen,
267 974 333 1026 qui
358 974 467 1015 illam
493 975 652 1026 primus
675 974 916 1027 descripsit,
946 987 1021 1014 non
1046 975 1336 1026 praetermisi,
1362 986 1436 1015 nec
1464 986 1543 1015 non
1566 975 1625 1014 ci-

77 1045 283 1084 tationum
309 1045 617 1090 nonnullorum,
643 1045 711 1098 qui
736 1044 927 1085 iconibus
953 1045 1232 1091 illustrarunt,
1259 1044 1406 1096 adjeci.
1432 1045 1623 1098 Synony-

79 1126 144 1153 ma
170 1114 333 1153 nonnisi
358 1127 420 1161 ca,
445 1127 549 1167 quae
573 1116 794 1155 neccssaria
816 1116 954 1167 putavi
973 1147 982 1163 ,
1009 1116 1136 1156 relata
1158 1129 1170 1162 ,·
1196 1127 1287 1155 nam
1313 1116 1426 1167 plura
1451 1128 1620 1156 enume-

80 1194 169 1223 rare
190 1214 199 1229 ‚
228 1185 285 1224 uti
309 1185 539 1237 aliquorum
566 1198 650 1225 mos
673 1190 733 1226 est
757 1217 766 1232 ‚
803 1187 845 1225 in
871 1187 947 1226 hac
969 1187 1099 1238 opella
1123 1197 1473 1237 supervacaneum
1497 1186 1614 1225 duxi.

78 1248 306 1297 Habitatio‚
335 1252 615 1296 florescentia,
640 1265 684 1293 ac
706 1257 870 1305 tempus
894 1254 1095 1305 quamdiu
1119 1253 1292 1297 durant,
1320 1253 1425 1292 vires
1449 1254 1622 1293 medici-

82 1320 190 1359 nales
215 1319 393 1371 vulgares
416 1350 425 1364 ‚
453 1332 526 1359 nec
552 1333 631 1360 non
654 1322 821 1361 nomina
845 1321 1060 1362 vernacula
1084 1351 1093 1366 ‚
1120 1333 1224 1373 quae
1246 1322 1444 1372 colligere
1468 1321 1585 1362 licuit
1607 1352 1616 1366 .

77 1390 215 1429 scdulo
238 1389 415 1441 signata.
450 1391 633 1431 Tandem
657 1392 842 1432 locorum
877 1392 1145 1432 altitudinem
1170 1393 1211 1432 in
1238 1393 1385 1433 tabella
1421 1392 1621 1444 peculiari

75 1459 125 1500 ad
148 1457 299 1498 calcem
323 1459 456 1510 operis
474 1459 656 1510 adjunxi.
