1982 3334
698 196 866 227 mcorw..
881 207 935 215 —
948 196 1130 226 uaricem:
1595 186 1672 226 297

214 280 353 322 diversa
372 279 510 329 habitu,
528 279 693 325 dentibus
713 282 852 336 argutis
867 281 1073 328 attenuatis,
1096 284 1132 322 et
1151 279 1363 334 praesertim
1378 277 1508 328 valvis,
1523 281 1667 334 perigo.

220 344 375 385 nialibus
400 345 598 388 minoribus
617 345 743 399 amplis
763 376 773 393 ,
794 345 989 397 majoribus
1012 345 1220 397 quandoque
1240 345 1315 384 fere
1336 343 1558 396 aequalibus.
1589 343 1665 383 Sed

214 412 360 459 praeter
379 406 445 446 hoc
466 407 688 454 charactere,
703 407 737 446 in
754 407 877 446 eodem
893 406 1087 452 individuo,
1107 407 1142 445 in
1159 406 1352 458 eodemque
1368 417 1509 445 racemo
1520 409 1572 445 tot
1587 417 1666 455 gra-

215 467 283 506 dus
300 467 530 507 intermedios
550 467 833 518 conspiciuntur,
852 470 892 505 ut
912 464 1012 504 nullo
1031 470 1143 517 pacto,
1166 478 1246 505 mea
1267 466 1446 505 sententia
1465 496 1473 512 ‚
1495 465 1586 505 hanc
1607 478 1669 506 va-

213 530 376 569 rietatem
397 542 417 568 a
451 530 569 582 specie
587 529 731 581 sejungi
750 528 876 580 possit.
903 527 1070 567 Attamen
1094 527 1223 568 Urbica
1243 529 1366 568 dioica
1387 541 1431 568 ex
1452 528 1567 570 Gallia
1587 541 1664 569 me-

210 591 390 640 ridionali,
411 606 456 632 ex
478 593 610 645 Anglia
626 624 634 637 ,
662 604 681 631 a
705 591 880 638 Bcrolini‚
904 596 940 631 et
960 604 979 630 a
1002 592 1158 631 Bononia
1177 592 1219 632 ad
1239 592 1285 631 61.
1311 591 1528 631 6655661661
1554 593 1664 632 missa

211 654 358 706 praebet
387 653 554 695 nuculam
573 653 683 695 valvis
702 651 986 706 perigonialibus
1006 653 1198 703 mnjoribus
1219 653 1299 706 plus
1317 654 1434 693 minus
1454 653 1660 695 breviorem

213 716 372 769 (Gasp.).

160 779 255 820 Haec
277 786 312 820 et
332 787 526 833 sequentes
545 780 654 833 vulgo
675 778 816 822 Arelica
836 778 1072 834 appellantur.

104 840 145 881 3.
171 841 220 882 U.
244 842 468 883 ΒΑΕΕΑΒιοΑἶ
497 841 582 883 Lin.
616 855 674 896 sp.
695 843 754 896 pl.
780 841 949 884 1395-
966 840 1016 882 U.
1036 839 1229 893 pilulifera.
1258 840 1350 882 Ten.
1372 841 1412 893 tl.
1436 854 1527 896 nap.
1545 842 1584 884 2.
1611 855 1656 897 p.

211 905 308 952 342,
331 919 400 946 non
420 905 506 946 Lin.

161 965 214 1005 16.
238 965 399 1006 Blackw.
425 966 523 1005 herb.
547 971 574 1006 t.
593 965 684 1008 321.
706 968 735 1017 f.
762 968 797 1007 1.

161 1025 203 1065 In
225 1027 416 1073 ruderatis,
443 1039 483 1066 ac
503 1026 547 1068 ad
566 1027 655 1068 vias.

156 1086 286 1140 Aprili,
315 1088 423 1139 Majo.
446 1089 499 1138 O

155 1151 275 1203 Vulgo
294 1149 434 1192 Ardtca
449 1165 472 1191 α
492 1151 750 1204 campanielli.

156 1212 288 1254 Differt
307 1214 393 1254 haec
423 1214 466 1255 ab
493 1215 537 1254 U.
568 1215 768 1267 pilulifera
806 1215 960 1256 hirsutie
996 1216 1154 1267 majore:
1180 1217 1282 1257 caule
1306 1216 1531 1258 robustiore:
1556 1217 1651 1270 folia

203 1281 326 1314 exacte
347 1281 461 1322 ovata,
483 1276 658 1328 profunde
679 1276 822 1316 cordata
842 1277 903 1328 (in
923 1276 985 1316 illa
1002 1276 1079 1317 basi
1101 1278 1176 1317 fere
1197 1279 1404 1331 truncata):
1427 1280 1587 1332 stipulae
1612 1280 1660 1321 la-

204 1340 276 1383 tae,
299 1335 477 1383 dilatatae3
493 1337 529 1376 in
549 1336 611 1377 illa
630 1343 819 1390 angustae.
844 1337 886 1377 ln
906 1336 953 1378 cl.
979 1336 1161 1379 Cambess.
1179 1341 1220 1391 fl.
1244 1341 1383 1382 balear.
1404 1342 1544 1395 species
1558 1341 1649 1383 haec

206 1397 446 1437 desideratur.

96 1458 137 1498 4.
163 1458 212 1499 U.
237 1472 373 1501 UREus.
396 1459 483 1500 Lin.
505 1473 564 1514 sp.
585 1460 644 1513 pl.
671 1460 772 1502 1395
788 1482 838 1491 —
860 1460 951 1503 Ten.
975 1463 1016 1514 sl.
1037 1475 1127 1515 παρ.
1151 1462 1190 1503 2.
1211 1477 1254 1516 p.
1277 1463 1374 1504 342.

152 1522 204 1562 16.
228 1523 289 1562 Ft.
307 1525 395 1565 dari.
420 1524 496 1564 739
514 1547 564 1555 —
587 1525 636 1565 U.
659 1537 785 1572 urens,
803 1526 961 1566 minima.
984 1525 1079 1566 Dod.
1100 1532 1244 1580 pempt.
1270 1527 1358 1568 152.

153 1584 195 1623 ln
217 1583 340 1631 cultis,
362 1584 398 1623 in
414 1583 595 1632 herbosis,
619 1591 656 1627 et
674 1585 718 1625 ad
739 1586 811 1626 vias
830 1585 977 1638 ubique.

152 1646 317 1693 Octobri,
344 1647 456 1698 Majo.
480 1649 531 1697 O

148 1709 286 1763 Spicae
306 1711 547 1762 androgynae,
561 1711 774 1763 geminatae,
792 1709 924 1763 petiolo
943 1709 1142 1758 breviores,
1155 1709 1299 1752 rachide
1315 1723 1336 1752 a
1352 1710 1430 1754 basi
1450 1711 1492 1754 ad
1512 1713 1649 1767 apicem

202 1773 359 1825 undique
380 1774 509 1812 florum
531 1772 742 1824 glomerulis
762 1772 889 1812 obsita.

95 1834 133 1875 5.
159 1834 210 1874 U.
234 1845 439 1875 NEGLECTA.
463 1832 566 1872 Guss.
589 1846 669 1886 syn.
691 1833 731 1873 2.
759 1831 971 1885 p.·579—
990 1831 1081 1874 Ten.
1104 1834 1145 1885 Ῑῑ.
1174 1847 1264 1887 παρ.
1287 1834 1326 1874 5.
1347 1848 1390 1888 p.
1412 1833 1510 1882 346,
1533 1841 1566 1876 et
1583 1849 1650 1891 pr·

203 1899 244 1937 in
263 1897 330 1949 fol.
351 1898 375 1936 l.
400 1910 432 1937 6.
453 1909 495 1949 p.
514 1909 591 1937 xlv.

149 1960 199 2001 U.
218 1960 394 2000 herbacea
414 1961 594 2007 monoica,
621 1959 716 2000 foliis
736 1960 905 2013 oppositis
922 1960 988 2000 sub
1010 1959 1190 2001 5-nerviis
1212 1962 1498 2016 ovato-ollipticis
1518 1969 1647 2016 argute

202 2024 350 2064 serratis
371 2025 484 2064 acutis
498 2053 507 2070 ,
530 2023 672 2076 stipulis
691 2024 807 2070 binis,
828 2025 936 2077 spicis
957 2023 1178 2076 simplicibus
1198 2025 1406 2066 axillaribus
1427 2027 1642 2080 androgynis

202 2088 392 2139 geminatis
413 2117 421 2133 ,
459 2087 707 2140 superioribus
728 2087 863 2140 petiolo
892 2088 1127 2139 longioribus,
1146 2088 1290 2128 rachide
1316 2102 1385 2129 non
1408 2089 1550 2131 dilatata
1574 2089 1651 2130 basi

203 2150 310 2196 nuda,
334 2163 354 2190 a
373 2150 491 2191 medio
511 2151 555 2191 ad
574 2151 709 2204 apicem
732 2151 862 2191 florum
885 2150 1095 2203 glomerulis
1116 2152 1273 2204 undique
1294 2152 1422 2193 obsita.

150 2210 203 2251 lc.
228 2211 346 2250 mtlla.

149 2274 192 2314 In
213 2273 376 2314 herbosis
395 2273 590 2321 ruderatis,
613 2279 649 2315 et
667 2273 711 2315 ad
729 2274 821 2321 vias,
844 2286 913 2315 non
935 2275 983 2316 ita
1001 2275 1171 2328 frequens
1192 2276 1228 2315 in
1250 2275 1369 2316 cultis.

146 2336 311 2384 Octobri,
337 2337 448 2388 Majo.
473 2339 523 2387 Θ

147 2398 290 2438 Notatis
305 2397 573 2438 characteribus
588 2410 608 2438 a
624 2398 876 2451 sequente‚cui
892 2399 1022 2447 affinis,
1040 2399 1275 2452 dignoscitur.
1299 2398 1418 2441 Simul
1433 2400 1649 2453 proveniunt

199 2472 266 2500 nec
285 2472 356 2500 una
375 2460 411 2499 in
429 2459 578 2500 alteram
599 2463 739 2503 transit.
765 2462 899 2503 Confer
917 2476 996 2515 syn.
1021 2464 1047 2502 l.
1068 2476 1100 2503 c.

92 2524 130 2564 6.
157 2523 207 2564 U.
231 2535 530 2565 MEMBRANACEA.
554 2523 660 2565 Poir.
685 2526 772 2566 dict.
797 2539 877 2567 ene.
901 2527 942 2566 4.
963 2525 1241 2579 p.638-Ten.
1264 2526 1304 2578 fl.
1328 2538 1419 2578 παρ.
1437 2525 1476 2566 2.
1498 2525 1645 2578 10343.

146 2587 195 2627 U.
219 2586 395 2626 herbacea
414 2588 594 2635 monoica,
619 2587 714 2629 foliis
744 2589 915 2642 oppositis
936 2590 1047 2629 ovatis
1067 2589 1183 2629 acutis
1203 2588 1512 2640 grosse-dentatis,
1530 2588 1647 2640 stipu-

197 2646 242 2687 lis
261 2646 371 2693 binis,
394 2648 504 2700 spicis
525 2647 746 2701 simplicibus
761 2649 966 2689 axillaribus
983 2648 1172 2701 geminatis
1189 2647 1328 2696 dioicis,
1350 2646 1535 2688 foemineis
1556 2649 1646 2689 infe-

195 2709 351 2750 rioribus
371 2709 502 2763 petiolo
522 2711 764 2760 brevioribus,
786 2712 958 2754 masculis
979 2712 1157 2764 elongatis
1177 2710 1350 2765 petiolum
1366 2710 1639 2765 superantibus,

193 2770 336 2811 rachide
357 2770 434 2810 basi
461 2771 554 2812 nuda
577 2784 597 2811 a
616 2772 730 2812 medio
750 2772 793 2813 ad
821 2774 956 2827 apicem
975 2772 1261 2817 membranaceo·
1262 2771 1417 2821 dilatata,
1428 2773 1518 2815 facie
1538 2783 1643 2826 supe

194 2831 293 2873 11616
313 2831 486 2882 116111616,
508 2832 677 2876 1111611616
698 2833 846 2878 floribus
865 2834 1049 2880 destituta.
1425 2888 1478 2930 38
