1982 3334
306 138 329 177 2
342 142 387 179 '28
828 152 995 180 mco‘rrn.
1017 163 1065 170 —
1085 153 1362 182 ononaueusass

415 249 549 300 sparsis
566 246 736 301 crispulis
753 252 847 286 tecta
864 261 870 286 :
892 247 1052 286 corollae
1072 253 1263 299 angustae,
1282 248 1523 301 magnitudine
1544 249 1620 290 sere
1639 247 1682 291 Ο.
1701 253 1874 301 misteria,

412 311 476 350 sed
496 323 540 350 ex
563 309 956 355 viridi-atroviolaceae,
982 310 1040 350 vel
1060 309 1211 351 albidae:
1232 312 1409 351 antherae
1429 312 1504 352 basi
1528 313 1779 363 subbarbatae,
1802 328 1871 356 una

409 384 490 412 cum
510 375 679 425 stigymate
700 379 845 413 exertae
866 374 900 413 in
922 374 1026 414 fauce
1047 374 1226 422 corollae,
1250 375 1313 415 sed
1333 376 1400 416 sub
1422 376 1514 416 labio
1536 379 1724 429 superiore
1745 391 1874 419 recon-

409 436 499 474 (litae
519 460 574 465 —
602 437 797 489 perperam
818 450 898 476 cum
931 435 974 478 O.
999 439 1143 478 minore
1170 438 1275 478 istam
1307 441 1459 480 associat
1488 441 1546 481 Cl.
1582 440 1720 480 Horret.
1755 443 1797 481 in
1827 443 1867 494 sl.

409 500 491 538 ital.
519 500 556 540 6.
579 515 620 553 p.
646 502 739 548 4221,
763 501 798 541 in
820 514 925 554 quam
947 515 1126 554 nunquam
1149 502 1291 542 transit.

307 561 346 599 O.
374 558 420 599 O.
444 572 673 602 PUBEschs.
710 561 846 601 Urvz'll.
870 575 929 601 en.
952 562 1008 614 pt.
1033 559 1146 602 Arch.
1165 575 1205 614 p.
1231 562 1281 601 76
1302 586 1348 593 —-
1365 561 1514 603 Rcut.in
1542 562 1632 605 Dec.
1654 578 1716 618 pr.
1746 568 1804 607 11.
1828 581 1870 620 p,

405 625 457 666 27
473 648 527 655 ν-
562 624 609 664 O.
633 624 773 672 villosa,
797 631 832 665 et
855 625 901 664 O.
927 625 1201 677 Chrysanthemi
1223 625 1388 667 Schultz..
1412 652 1465 657 —
1494 628 1539 669 Ο.
1563 629 1732 672 villissora
1765 630 1868 672 Koch

409 700 476 727 ms,
501 699 545 726 ex
566 685 673 726 Rem.
699 687 725 726 l.
750 700 781 727 c.
804 710 854 716 -—
873 685 920 727 O.
949 687 1088 727 Salisii.
1114 686 1302 740 ch1!.pl.
1328 690 1461 730 east-cxc.
1486 702 1529 729 ex
1549 690 1710 731 Corsica.

355 751 404 793 O.
428 763 534 803 scapo
557 751 590 790 in
613 749 757 802 globum
779 749 856 790 basi
877 750 1099 797 incrassato,
1123 752 1220 804 spica
1240 751 1438 792 laxiuseula
1474 753 1684 794 subcomosa
1701 785 1710 802 ,
1743 755 1875 809 sepalis

410 815 572 856 obsolete
592 813 770 854 ⁶2—nerviis
787 815 943 867 integris
962 813 1021 855 vel
1039 815 1276 868 inaequaliter
1290 815 1409 855 bifidis
1434 847 1442 863 ,
1462 815 1601 857 laciniis
1618 823 1872 859 attenuato-se·

401 879 512 919 taceis
532 877 658 918 tubum
673 877 828 918 corollae
845 879 1251 931 superantibus,corolla
1271 880 1696 933 tubuloso-campannlata
1714 887 1864 922 externe

408 938 495 992 pilis
510 938 710 978 articulatis
731 943 842 986 tecta,
864 939 980 979 antice
997 939 1210 980 subcurvata
1227 971 1235 987 ,
1260 940 1354 980 lobis
1366 941 1618 993 irregulariter
1634 943 1872 983 denticulato-

410 1002 623 1050 erenulatis,
638 1002 728 1043 labio
741 1003 925 1056 superiore
942 1016 1096 1044 concavo
1114 1004 1172 1043 vix
1189 1004 1426 1057 emargfflato,
1445 1006 1626 1046 inferioris
1648 1006 1758 1046 3-lobi
1775 1006 1866 1048 leb's

403 1063 600 1105 rotundatis
618 1094 626 1110 ,
650 1064 864 1104 intermedio
889 1065 1024 1116 majore
1055 1065 1267 1105 staminibus
1288 1066 1381 1106 insra
1402 1066 1557 1107 medium
1579 1066 1655 1107 tubi
1677 1067 1824 1109 insertis
1845 1081 1865 1108 a

410 1127 487 1168 basi
508 1127 603 1168 ultra
625 1128 778 1167 medium
801 1127 963 1181 styloque
986 1141 1141 1181 superne
1164 1141 1287 1181 sparse
1307 1129 1667 1183 piloso-glandulosis
1683 1162 1692 1179 ‚
1722 1131 1868 1186 stigma-

407 1193 454 1232 tis
475 1192 663 1244 sanguinei
683 1191 790 1233 bilobi
813 1192 902 1232 lobis
929 1192 1132 1233 divaricatis
1153 1193 1428 1245 immarginatis.

358 1254 413 1293 lc.
437 1254 556 1293 nulla.

353 1316 386 1356 b.
411 1315 621 1354 divaricata
638 1327 650 1359 ,·
674 1313 744 1354 lobi
761 1314 866 1353 medii
888 1312 968 1353 labii
992 1313 1172 1354 inferioris
1194 1314 1312 1367 gibbis
1333 1314 1546 1356 distantibus
1582 1316 1594 1369 (
1617 1328 1684 1357 non
1704 1317 1869 1370 approxi-

413 1376 519 1416 matis
540 1382 579 1415 ut
599 1374 633 1414 in
656 1388 692 1414 a.
713 1375 741 1426 ),
767 1376 933 1426 stigmate
956 1388 1099 1414 carneo.

354 1438 397 1478 In
413 1437 555 1490 apricis,
583 1441 618 1476 et
637 1435 680 1476 ad
697 1436 879 1489 vaporaria
896 1436 1080 1475 humentia
1101 1436 1143 1476 ad
1165 1436 1303 1476 radices
1326 1435 1642 1489 Compositaram,
1661 1437 1713 1478 uti
1734 1435 1870 1478 Anthe-

404 1501 505 1542 mats
526 1503 772 1548 incrassatae,
793 1500 1076 1552 Chryswaethcmt
1096 1503 1211 1552 segeti
1227 1514 1298 1548 ee„
1325 1512 1404 1541 var.
1423 1501 1455 1541 b.
1471 1501 1514 1542 ad
1535 1501 1675 1543 radices
1698 1500 1870 1556 Crepidt's

401 1565 584 1604 balhosae.

355 1625 490 1679 Aprili,
516 1626 627 1677 Majo.
653 1627 703 1676 O

350 1691 444 1731 Tota
463 1689 583 1743 planta
604 1689 967 1742 sanguineo-rubens,
991 1700 1115 1741 sparse
1131 1689 1258 1741 pilosa;
1283 1689 1364 1741 pilis
1386 1690 1420 1728 in
1446 1695 1547 1742 parte
1570 1689 1757 1743 superiore
1794 1701 1869 1729 sca-

400 1755 435 1807 pi
457 1754 716 1807 copiosioribus
733 1767 773 1794 ac
791 1752 1040 1806 glandulii'eris
1057 1767 1065 1792 :
1088 1754 1195 1806 scapi,
1213 1753 1519 1806 3-102-pollieares
1535 1767 1542 1793 :
1563 1767 1734 1806 squamae
1750 1759 1867 1793 ovato-

396 1816 629 1865 lanceolatae,
648 1817 1031 1861 acuminatae,insnnae
1047 1817 1270 1857 imbricatae:
1289 1818 1456 1857 bracteae
1473 1817 1632 1870 squamis
1649 1817 1867 1863 crnformes,

399 1882 581 1929 enerviae,
604 1881 773 1922 corollam
790 1887 1000 1934 aequantes,
1023 1886 1104 1922 ante
1125 1881 1304 1922 anthesim
1325 1881 1361 1920 in
1377 1881 1476 1934 apice
1496 1882 1614 1934 spicae
1636 1880 1733 1922 illam
1759 1893 1869 1934 supe-

398 1951 537 1993 rantes,
552 1946 703 1999 ideoquc
724 1947 822 1999 spica
836 1946 1062 1986 subcomosa:
1073 1946 1218 1999 scpala,
1230 1946 1313 1986 (lum
1329 1945 1445 1992 bifida,
1466 1945 1594 1986 lacinia
1609 1945 1720 1985 altera
1735 1945 1871 1984 brevis-

403 2011 660 2052 simatcorolla
675 2011 718 2051 ad
734 2023 914 2052 summum
939 2012 1010 2051 4-7
1032 2011 1095 2051 lin.
1121 2012 1242 2065 longa,
1265 2011 1342 2052 basi
1361 2011 1476 2052 albida
1496 2042 1504 2058 ‚
1527 2017 1710 2051 caeterum
1730 2009 1874 2050 sordide

402 2073 619 2121 rubescens,
640 2073 699 2112 vix
721 2078 882 2120 curvata,
905 2073 1086 2120 tubulosa‚
1110 2073 1211 2114 fauce
1232 2085 1359 2126 nempe
1379 2085 1448 2113 non
1469 2072 1612 2113 dilatata
1627 2085 1636 2118 ;
1653 2072 1743 2112 labio
1766 2084 1875 2124 supe-

401 2138 498 2177 riore
520 2150 587 2177 non
607 2136 789 2191 a1npliato;
814 2138 994 2178 inferioris
1010 2137 1100 2177 tobis
1116 2137 1336 2190 patentibus:
1361 2137 1544 2189 genitalia
1564 2137 1600 2177 in
1622 2135 1774 2176 corollae
1796 2136 1875 2176 fau-

398 2213 439 2242 ce
462 2201 682 2243 subexerta:
704 2204 894 2255 filamenta
914 2202 1003 2249 alba,
1031 2203 1070 2242 ad
1093 2203 1228 2256 apicem
1251 2202 1469 2255 glaberrima
1488 2215 1496 2241 ε
1522 2203 1698 2242 antherae
1720 2201 1840 2239 fuscae
1862 2231 1871 2245 ,

399 2263 685 2310 mucronulatac,
704 2262 938 2304 subbarbatae
960 2276 967 2303 :
992 2264 1103 2315 septas
1124 2262 1397 2303 albido-rubens
1418 2293 1427 2309 ‚
1452 2262 1529 2302 basi
1550 2261 1691 2314 glaber,
1715 2272 1872 2312 superne

399 2328 576 2368 intensius
596 2328 796 2369 coloratus.

350 2388 392 2428 ln
405 2401 478 2428 var.
498 2389 530 2427 b.
552 2390 713 2430 corollae
725 2388 859 2429 labium
876 2389 1044 2443 superius
1061 2390 1470 2436 fornicato-concavum,
1489 2386 1580 2429 labis
1598 2386 1761 2427 omnihus
1778 2386 1868 2426 den-

399 2449 698 2502 ticulato-crispis
722 2463 731 2496 ;
764 2450 880 2501 gibbis
900 2450 971 2490 lobi
988 2450 1189 2490 intermedii
1210 2449 1293 2490 labii
1315 2450 1495 2490 inferioris
1516 2449 1749 2495 distantibus,
1774 2448 1807 2487 in
1831 2460 1867 2486 a.

399 2512 668 2564 approximatis3
690 2512 882 2563 filamcnta
902 2524 921 2551 a
940 2512 1055 2552 medio
1077 2512 1120 2552 atl
1141 2512 1254 2552 basim
1276 2512 1370 2552 villis
1391 2511 1634 2564 eglantlulosis
1651 2515 1744 2550 tecta
1763 2523 1771 2555 ;
1795 2515 1870 2560 sty-

401 2578 456 2616 lus
477 2576 616 2617 albidus
637 2608 646 2624 ,
665 2576 810 2629 glaber3
833 2577 967 2629 slifflna
989 2576 1272 2630 subpapillosum
1292 2600 1345 2607 -—-
1364 2576 1515 2616 Habitus
1529 2570 1568 2613 Ὀ
1590 2574 1778 2619 Hederae,
1806 2574 1871 2613 setl

401 2643 544 2689 praeter
561 2637 649 2678 alios
679 2638 919 2684 characteres,
942 2639 1047 2678 etiam
1070 2639 1251 2691 stigmatis
1272 2638 1394 2678 colore
1416 2638 1613 2677 diversa——
1632 2635 1678 2677 Ο.
1702 2636 1858 2676 barbata.

403 2698 507 2738 Gass.
531 2712 611 2751 syn.
635 2699 673 2740 2.
695 2713 737 2752 p.
765 2699 855 2747 103,
878 2712 946 2741 non
967 2700 1131 2746 aliorum,
1158 2701 1268 2753 liujus
1291 2702 1442 2741 varietas
1465 2700 1621 2740 videtur.

298 2762 333 2800 7.
363 2761 409 2803 O.
435 2775 566 2804 auNoR.
592 2762 689 2803 Sua.
720 2764 755 2803 in
777 2769 849 2805 act.
879 2763 966 2804 Soc.
995 2763 1080 2805 Lt'n.
1108 2765 1147 2805 4.
1175 2779 1215 2818 p.
1244 2766 1314 2804 178
1335 2788 1386 2794 —
1413 2764 1547 2804 willa.
1584 2777 1642 2816 sp.
1680 2763 1736 2814 pt.
1760 2762 1800 2801 3.
1822 2776 1864 2814 p.

404 2823 483 2862 350
509 2846 563 2851 -—
583 2823 675 2864 Ten.
710 2825 749 2877 sl.
781 2838 872 2880 παρ.
896 2825 934 2866 5.
966 2839 1008 2879 22.
1036 2825 1159 2868 43-
1178 2825 1321 2866 Bcrtol.
1348 2828 1388 2879 ll.
1413 2827 1495 2868 aaz.
1521 2826 1559 2868 6.
1586 2839 1627 2879 p.
1653 2824 1744 2871 420,
1768 2823 1861 2863 excl.

405 2896 513 2924 nonn.
539 2896 615 2935 syn.
