2034 3329
755 176 1020 208 PRAEFATIO
1600 187 1660 210 xm

107 272 329 319 sufficiunt,
354 274 394 312 et
416 284 436 313 a
456 269 639 322 proxima
659 273 766 310 terra
790 267 1128 310 transvehuntur.
1166 267 1279 308 Inter
1311 266 1415 308 vites
1444 272 1657 320 praeterea

109 342 272 382 arbores
294 339 528 380 fructiferas
551 337 734 390 plerique
758 337 947 389 plantant
978 335 1063 390 (1),
1087 347 1262 389 quarum
1288 334 1446 377 fructus
1470 366 1480 382 ,
1520 338 1582 376 uti
1613 349 1658 377 u-

110 421 197 456 vae,
211 407 435 448 dulcissimi
451 406 634 453 veniunt,
652 406 824 459 indeque
842 405 1031 457 potentia
1043 405 1154 452 vina,
1179 408 1428 457 quapropter
1440 408 1562 455 caput
1576 405 1663 456 ple-

110 486 282 528 rumque
304 477 492 521 tentant,
518 477 559 514 at
582 473 773 513 nonnulla
795 476 1040 515 vetustatem
1065 484 1146 512 non
1180 472 1413 523 patiuntur.
1444 473 1663 513 Praeterea

110 543 224 580 tanta
245 543 307 580 est
328 540 426 580 solis
443 539 652 580 radiorum
677 538 751 585 vis,
774 540 942 590 tamque
969 541 1103 578 terrae
1129 536 1224 579 illae
1260 537 1391 577 siccae
1429 548 1475 577 ac
1506 537 1664 577 solutae

111 605 260 647 umbra
295 607 508 660 indigent,
534 611 581 648 ut
603 605 729 647 etiam
751 606 824 646 sub
863 606 1012 646 vitibus
1049 603 1345 658 arboribusque
1378 605 1467 645 istis
1500 604 1664 656 plantas

110 675 208 716 alias
231 675 440 727 plerasque
463 686 616 715 annuas
642 675 697 728 (2)
725 678 855 715 terrae
871 673 1156 720 committunt,
1182 685 1408 726 omnesque
1440 675 1543 713 bene
1569 684 1666 724 pro-

112 740 294 781 veniunt.
333 740 517 780 Tandem
558 740 610 780 ad
648 751 771 791 rupes
800 740 1031 780 maritimas
1057 740 1068 787 (
1091 739 1232 779 Ischia
1253 744 1354 779 sotto
1387 740 1429 779 al
1470 739 1659 785 Castello.

109 806 239 847 Lacca
268 808 308 847 al
324 807 465 860 Monte
496 808 619 860 Vico)
649 808 836 860 Opuntia
867 810 965 860 ficus
994 808 1131 848 indica
1163 819 1272 848 nunc
1291 813 1439 859 sponte
1474 809 1658 859 vegetat.

108 874 359 929 fructusque
382 876 565 927 sapidos,
592 880 729 918 tamen
753 888 913 928 parVOS,
936 876 1021 917 dat.

170 943 305 993 Agros
328 943 479 993 passim
503 942 772 989 maceriebus,
797 946 867 983 aut
887 939 1056 993 sepibus
1077 953 1131 982 ex
1147 940 1283 993 Ayave
1306 942 1543 981 amertcana
1565 971 1574 985 ,
1603 943 1664 982 vel

113 1005 368 1057 Calycolomc
388 1008 532 1049 villosa
543 1008 804 1055 constructis,
825 1008 1098 1048 circumdant.
1117 1007 1179 1048 Ad
1196 1007 1267 1048 lios
1289 1018 1384 1047 vero
1403 1008 1661 1060 saginandos,

111 1075 329 1126 praecipue
345 1075 388 1115 in
413 1074 562 1137 quibus
584 1077 757 1117 cerealia
772 1076 1133 1123 coluntur,semina
1155 1075 1327 1117 mittunt
1350 1075 1514 1126 Lathyri
1532 1078 1667 1116 tenui-

113 1139 424 1194 (animatam),
440 1140 573 1181 Viciae
588 1142 719 1182 Fabae
736 1142 907 1180 minoris
921 1138 1137 1194 (Paeana),
1152 1139 1287 1180 Viciae
1300 1142 1536 1180 monamlms
1549 1141 1663 1192 Dess.

115 1205 443 1258 (.-1pici)‚Lupini
466 1205 644 1247 Thermis
658 1204 1090 1258 (Lupino),minusque
1105 1206 1343 1256 frequenter
1358 1204 1573 1245 Brassicae
1588 1208 1670 1246 Ra-

111 1283 204 1322 pae‚
229 1276 271 1313 et
299 1270 498 1323 Rapham’
519 1272 654 1319 salivi,
677 1282 772 1311 cum
793 1270 1019 1311 seminibus
1042 1267 1194 1310 Hordei
1216 1269 1396 1320 vulqaris
1413 1271 1633 1312 commixta
1656 1304 1666 1320 ,

113 1340 299 1392 Augusto
322 1344 392 1382 aut
416 1340 585 1380 ineunte
607 1338 856 1392 Septembri,
887 1337 1097 1391 etiamque
1137 1337 1356 1378 Decembri
1397 1338 1439 1378 in
1464 1339 1674 1379 calidiori-

113 1409 202 1454 bus,
228 1409 353 1451 humo
373 1414 587 1464 spargunt,
602 1410 781 1461 indeque
802 1408 954 1449 herbas
976 1407 1074 1449 istas
1097 1408 1229 1448 adhuc
1247 1411 1405 1449 teneras
1427 1411 1670 1462 tempestive

119 1486 371 1534 convergunt
393 1493 439 1522 ac
457 1483 636 1522 obruunt
657 1479 955 1531 (soversoiare>‚
976 1484 1020 1519 ut
1042 1479 1232 1519 celeriter
1250 1482 1499 1531 putrescant,
1521 1483 1672 1521 et-cum

120 1546 190 1587 illa
213 1549 321 1587 terra
341 1547 471 1588 soluta
494 1558 540 1586 ac
562 1546 673 1586 arida
699 1545 1040 1596 permisceantur.
1055 1544 1132 1584 Pro
1155 1542 1288 1584 hortis
1314 1555 1407 1584 vero
1430 1549 1472 1585 et
1494 1544 1673 1586 oleribus

120 1613 291 1654 frustula
316 1612 534 1655 Cauliniae
552 1611 773 1651 Oceanicae
796 1608 926 1664 (Alpa)
951 1610 1000 1649 ab
1025 1609 1143 1648 undis
1167 1608 1217 1648 in
1237 1609 1356 1649 litore
1385 1609 1533 1660 rejecta
1561 1610 1674 1649 colli-

121 1681 241 1729 gunt,
266 1679 309 1717 et
329 1677 405 1717 ista
430 1688 510 1716 una
532 1687 626 1716 cum
645 1675 888 1715 animalium
906 1677 1087 1713 stercore
1112 1684 1185 1713 nec
1210 1685 1291 1713 non
1311 1685 1403 1714 cum
1422 1675 1673 1726 oppidorum
1731 1686 1733 1688 ·

112 1746 404 1798 purgamentis
426 1744 546 1785 variis
567 1743 772 1795 congestis
795 1743 1068 1794 componunt,
1092 1744 1267 1795 postque
1290 1752 1442 1794 paucos
1484 1742 1573 1782 dies
1604 1741 1675 1783 vix

121 1813 349 1863 putrefacta
380 1813 422 1853 in
447 1812 581 1854 hortis
603 1815 813 1864 spargunt.

178 1881 300 1922 Hisce
316 1881 366 1921 de
384 1882 545 1922 Insulae
562 1879 862 1932 chorograpliia
879 1878 1059 1921 breviter
1076 1877 1232 1926 relatis,
1245 1889 1370 1931 pauca
1385 1877 1464 1919 alia
1481 1877 1531 1919 de
1547 1877 1675 1932 ipsius

121 1945 246 1987 Flora
268 1945 336 1986 hic
359 1945 524 1985 addam.

181 2013 447 2053 Inarimensis
470 2011 741 2065 vegetationis
764 2014 949 2063 aspectus
967 2009 1103 2052 abillo
1121 2010 1299 2063 proximi
1316 2010 1571 2052 continentis
1596 2011 1675 2051 Pu-

120 2077 275 2120 teolani
294 2078 365 2120 vix
382 2078 639 2119 differt1nam
658 2076 868 2129 geologica
884 2076 1044 2116 indoles
1063 2076 1105 2116 in
1125 2076 1311 2128 utrisque
1327 2076 1490 2123 similis;
1513 2080 1671 2122 tamen,

118 2144 175 2187 ob
196 2146 281 2186 fere
300 2145 556 2187 conformem
580 2148 787 2185 terrarum
811 2144 989 2191 Insulae,
1018 2144 1287 2196 locorumque
1306 2146 1510 2192 naturam,
1535 2145 1673 2186 minus

120 2226 245 2265 quam
269 2213 313 2253 in
337 2212 569 2254 continenti
592 2212 703 2253 varia
720 2215 801 2252 est.
827 2211 1042 2265 Siquidem
1060 2211 1225 2263 plantae
1247 2211 1452 2251 montium
1471 2211 1531 2250 vel
1553 2212 1668 2263 palu·

120 2281 221 2320 dum
243 2280 546 2327 desiderantur,
571 2291 726 2332 paucae
748 2279 953 2332 sylvarum
978 2279 1170 2331 propriae
1187 2309 1198 2326 ,
1241 2278 1542 2320 numerosiores
1572 2290 1678 2331 quae

122 2348 317 2399 pendices
339 2349 520 2389 incolere
541 2347 693 2395 solent,
719 2350 790 2388 aut
811 2347 995 2388 locorum
1018 2347 1241 2400 apricitate
1264 2346 1543 2387 delectantur.

165 2502 214 2545 (1)
227 2501 260 2534 F
259 2503 331 2535 [cus
351 2502 476 2536 Carica
491 2528 498 2541 ,
517 2502 630 2535 Morus
652 2503 742 2542 alba,
754 2504 887 2534 Prtmus
902 2501 1119 2542 Armeniaca,
1139 2502 1317 2533 domestica
1341 2511 1376 2532 ae
1392 2500 1524 2539 acerba,
1541 2500 1680 2531 Persica

119 2557 270 2598 vulgaris,
292 2556 477 2598 Crataegns
493 2555 676 2596 Azarolus,
696 2558 860 2599 Mespilus
871 2557 1074 2600 germanica,
1092 2556 1214 2590 Sorbus
1226 2555 1419 2594 domestica,
1443 2552 1594 2598 Cydonia
1607 2554 1678 2584 νιιΙ-

118 2609 222 2648 garis,
243 2607 374 2640 Punica
393 2607 593 2640 Granatum.

169 2661 216 2704 (2)
233 2659 394 2693 Phaseoli
411 2659 525 2704 species
548 2658 646 2691 variae
661 2685 669 2700 ,
687 2659 804 2691 Pisum
821 2659 975 2698 sativum,
1000 2657 1101 2691 Vicia
1116 2656 1231 2699 Faba,
1252 2655 1378 2690 Ervum
1393 2654 1497 2695 Lens,
1514 2654 1681 2701 Lathyrus

122 2713 238 2745 Cicera
253 2723 288 2745 ac
303 2713 443 2752 satians,
462 2711 715 2756 Lycopersicum
731 2712 942 2750 esculentum,
959 2709 1137 2755 pyrt'forme
1165 2715 1195 2741 et
1211 2707 1434 2751 cerasisorme‚
1452 2706 1608 2740 solanum
1628 2713 1680 2739 tu-

120 2768 279 2805 berosum,
297 2766 428 2800 Beseda
444 2767 581 2807 luteola,
595 2764 727 2798 Allium
742 2764 1027 2809 Ampeloprasum,
1043 2766 1076 2797 b.
1094 2766 1236 2798 salimm
1253 2761 1443 2807 (Aglione).
