1982 3334
295 187 345 227 88
824 194 993 225 mcorri..
1011 204 1065 211 —
1081 192 1343 222 LEGUMINOSAE

401 284 507 323 mim
527 278 1113 333 compressiuscula‚rufescontia,
1134 275 1278 316 levia——
1295 275 1380 316 Var.
1403 276 1437 315 b.
1466 275 1509 315 T.
1533 277 1771 319 dalmaticum
1791 291 1853 321 re-

398 346 468 385 fert
486 376 496 391 ,
518 345 581 384 sed
601 343 835 395 pubescentia
862 340 975 381 aliena
992 371 1001 387 ,
1023 346 1061 381 et
1086 339 1169 380 folia
1198 352 1266 380 non
1295 340 1470 392 exquisito
1495 353 1535 380 ac
1562 342 1735 381 concinne
1756 343 1842 383 sub-

403 412 463 445 tus
483 415 647 450 nervosa,
666 408 707 442 ut
722 400 952 443 isto—Colui
973 401 1057 441 olim
1077 402 1118 441 in
1138 399 1189 440 H.
1213 402 1255 441 in
1274 399 1384 441 Bocc.
1409 400 1562 453 plantam
1582 401 1665 441 huic
1684 405 1848 452 varietati

405 466 560 506 similem
588 466 728 505 nomine
766 464 811 504 T.
844 466 967 504 conici
996 469 1177 517 acceptam
1194 494 1203 511 ,
1235 465 1299 505 sed
1328 464 1369 504 ab
1400 465 1469 504 isto
1488 476 1638 517 prorsus
1658 465 1786 505 aliena.
1812 467 1845 504 A

403 529 639 582 praecedente
661 541 729 569 non
750 534 890 581 separat
921 528 979 569 Cl.
1004 527 1145 568 Ber-tol.
1176 529 1219 568 in
1238 529 1278 579 fl.
1302 529 1386 568 ital.
1409 527 1447 567 8.
1473 541 1517 580 p.
1540 527 1593 568 2⁶2
1611 541 1620 574 ;
1645 528 1707 568 sed
1728 529 1850 568 confer

406 604 495 645 quae
517 592 680 632 adnotavi
700 593 736 631 in
757 605 837 644 syn.
863 591 902 631 2.
925 591 1017 632 327.

459 710 498 749 3.
525 710 701 763 capitula
721 711 868 762 globosa
889 741 897 756 ‚
934 710 1165 753 terminalia,
1187 709 1435 761 pedmzculata
1457 715 1520 748 aut
1534 709 1696 755 sessula,

729 778 762 810 et
778 778 863 810 tunc
883 771 1033 822 stipulis
1050 769 1298 809 involucrum.

292 895 354 934 Μ.
382 895 427 933 Τ.
452 906 675 934 STELLATUM.
699 892 784 932 Lan.
808 906 864 945 sp.
885 892 943 943 pl.
970 889 1294 942 1083—Ten.fl.
1314 904 1404 943 nep.
1428 890 1466 930 5.
1482 903 1526 941 11·
1553 889 1689 930 142—
1706 887 1855 928 Bertoz.

398 959 438 1008 fl.
461 957 544 996 ital.
569 956 605 995 8.
628 970 670 1008 p.
699 956 789 996 134.

347 1019 400 1057 lc,
426 1017 595 1069 Lagopus
616 1019 746 1062 minor,
764 1020 925 1061 erectuS,
944 1015 1057 1067 capite
1074 1014 1236 1066 globoso,
1250 1013 1392 1054 stellato
1407 1015 1496 1053 flore
1517 1025 1716 1066 purpureo.
1742 1013 1857 1052 Barr.

398 1079 450 1117 ic.
468 1076 560 1116 860.

350 1140 392 1180 In
412 1140 542 1192 apricis
561 1138 730 1185 collibus,
752 1143 788 1179 et
803 1137 846 1177 ad
866 1148 1004 1177 muros.

345 1203 480 1257 Aprili,
507 1203 621 1255 Majo.
647 1205 697 1253 Θ

346 1266 508 1307 Molliter
528 1266 693 1306 villosum
713 1279 721 1305 :
752 1265 918 1318 capitula
944 1263 1049 1316 longe
1069 1263 1306 1316 pedunculata
1325 1276 1334 1302 z
1358 1263 1496 1315 calycis
1517 1262 1634 1302 striati
1657 1261 1869 1302 setoso-hir-

397 1330 467 1371 suti
488 1329 634 1369 laciniae
653 1329 1088 1370 lanceolato-acuminatae
1106 1359 1115 1374 ,
1143 1329 1393 1374 acutissimae,
1427 1327 1607 1367 corollam
1639 1326 1768 1378 pallide
1789 1337 1866 1365 car-

397 1403 498 1430 neam
519 1390 778 1442 subaequantcs
793 1421 802 1437 ,
833 1390 976 1430 demum
997 1388 1321 1440 stellate-patentes
1341 1401 1350 1434 3
1380 1388 1465 1427 faux
1490 1387 1623 1427 annulo
1654 1387 1787 1427 calloso
1816 1388 1869 1439 pis

396 1453 513 1506 lisque
532 1453 667 1494 clausa.

292 1516 355 1558 15.
382 1517 428 1557 T.
453 1530 659 1558 FRATENSE.
683 1514 768 1557 Lin.
791 1531 850 1570 sp.
871 1518 929 1570 pl.
952 1516 1119 1557 1082—
1152 1514 1245 1555 Ten.
1267 1517 1308 1568 sl.
1328 1529 1418 1568 παρ.
1439 1515 1477 1554 5.
1496 1528 1539 1567 p.
1576 1514 1652 1555 146
1681 1537 1736 1543 -
1768 1512 1862 1553 Ber-

403 1579 468 1618 tol.
491 1579 531 1630 sl.
551 1578 634 1617 ital.
654 1577 691 1617 8.
713 1591 754 1630 p.
782 1578 868 1618 161.

342 1643 377 1681 b.
395 1643 637 1688 lacrimose,-
663 1642 815 1683 floribus
835 1640 1035 1683 minorihus
1050 1671 1059 1688 ,
1090 1639 1337 1693 pallidioribus
1356 1653 1365 1686 3
1389 1638 1520 1691 calycis
1539 1639 1641 1679 fauce
1662 1638 1792 1679 annulo
1812 1639 1862 1692 pi-

400 1703 516 1745 lorum
536 1704 665 1745 obsita.

350 1768 404 1808 lc.
429 1769 549 1808 nulla.

349 1832 391 1872 ln
411 1833 553 1884 pascuis
573 1833 704 1886 apricis
724 1831 902 1884 sylvarum
919 1862 928 1879 ‚
958 1837 994 1872 et
1013 1831 1054 1872 ad
1075 1832 1256 1883 margines
1278 1832 1417 1871 viarum
1437 1831 1472 1870 in
1492 1830 1657 1870 herbosis
1678 1829 1758 1869 sola
1781 1841 1857 1869 var.

390 1895 425 1933 b.
447 1908 457 1940 3
482 1894 584 1935 Valle
609 1896 668 1935 del
690 1894 876 1942 Crovone,
901 1896 997 1934 selvc
1030 1896 1069 1934 dt
1098 1893 1365 1946 Campaqnano
1382 1926 1391 1941 ‚
1423 1894 1480 1933 del
1502 1899 1625 1932 monle
1651 1891 1767 1932 Vezza
1784 1923 1794 1939 ‚
1816 1893 1857 1932 dt

394 1954 656 2003 Chtafrnvnano,
672 1957 711 1996 dl
730 1956 861 1996 Pletra
876 1954 1086 2008 Sparaina,
1109 1956 1202 1995 delle
1217 1954 1411 2006 Falanyhe
1427 1985 1436 2001 ‚
1454 1956 1512 1994 del
1532 1953 1567 1993 F
1567 1968 1682 1993 asano
1696 1985 1706 2001 ,
1724 1955 1763 1994 dt
1785 1953 1860 1994 Ga-

391 2021 493 2055 treca
513 2047 523 2064 ,
554 2017 616 2055 vta
636 2017 675 2055 dt
708 2014 862 2056 Barano
877 2046 887 2062 ‚
918 2016 957 2055 dt
977 2014 1142 2055 Serrano
1159 2046 1168 2062 ‚
1192 2029 1210 2054 e
1231 2016 1269 2054 cll
1284 2014 1460 2054 Fontana
1483 2028 1504 2053 α
1521 2013 1562 2054 S.
1582 2013 1620 2054 N
1623 2015 1719 2054 icola
1732 2045 1741 2061 ‚
1773 2027 1861 2067 pra-

398 2081 496 2119 taria
511 2080 568 2118 del
584 2085 706 2119 monte
734 2078 857 2126 Vetta,
883 2093 902 2119 e
927 2080 1028 2119 dalla
1053 2080 1224 2119 sommitcz
1243 2079 1343 2119 della
1363 2079 1457 2118 valle
1472 2079 1511 2118 dt
1532 2077 1671 2119 Bctceto
1687 2080 1724 2118 al
1740 2078 1868 2119 Monte

399 2143 498 2181 della
513 2141 778 2182 Misericordia
789 2154 917 2195 presso
941 2140 1228 2183 Casamicciola.

350 2204 484 2257 Aprili,
508 2203 670 2245 Octobri.
699 2203 744 2257 25

341 2265 427 2305 Var.
450 2265 483 2303 b.
507 2270 650 2317 praeter
671 2264 896 2305 characteres
912 2269 1049 2305 notatos
1066 2277 1085 2305 a
1101 2265 1233 2318 speciei
1248 2270 1328 2317 typo
1348 2263 1484 2304 recedit
1501 2263 1627 2302 habim
1642 2263 1832 2315 graciliore
1852 2278 1861 2309 ;

396 2330 433 2365 et
452 2325 488 2364 in
509 2325 575 2365 hac
596 2325 734 2376 calyces
754 2325 884 2372 albidi,
906 2325 991 2378 pilis
1014 2325 1196 2378 adpressis
1223 2325 1330 2371 tecti,
1363 2323 1502 2363 laciniis
1523 2323 1753 2364 filiformibus
1774 2325 1870 2365 cilia-

393 2386 442 2425 tis
462 2416 472 2433 ‚
494 2386 621 2432 rectis,
641 2386 727 2426 tubo
747 2386 987 2438 aequilongis;
1013 2387 1119 2427 unico
1140 2387 1294 2426 caeteris
1311 2385 1471 2438 longiore
1493 2416 1502 2432 ‚
1525 2386 1686 2425 corollae
1707 2398 1869 2439 gamope-

395 2448 488 2490 talae
528 2450 654 2490 tubum
688 2455 862 2502 aequante
879 2481 888 2497 ,
918 2451 1020 2491 fauce
1041 2450 1170 2502 calycis
1191 2449 1321 2490 annulo
1341 2449 1499 2502 pilorum
1529 2448 1668 2496 obsita,
1697 2460 1767 2489 non
1788 2462 1873 2490 vero

395 2513 526 2553 annulo
548 2518 687 2553 tantum
703 2519 881 2554 coarctata
897 2545 906 2561 ‚
928 2520 969 2555 ut
988 2515 1025 2554 in
1049 2514 1093 2554 T.
1111 2520 1300 2567 pratense:
1321 2514 1488 2565 legumen
1504 2512 1750 2565 operculatum
1766 2513 1817 2552 uti
1840 2513 1876 2552 in

395 2577 514 2630 specie
530 2608 539 2624 ‚
562 2582 598 2617 et
617 2577 659 2617 T.
679 2579 796 2618 sativo
812 2578 960 2620 Reicha
975 2581 1118 2619 semina
1133 2579 1249 2627 badia,
1271 2578 1503 2630 subglobosa,
1527 2589 1596 2617 non
1616 2589 1876 2630 compressa—

397 2637 577 2688 Calycinis
594 2637 733 2678 laciniis
750 2639 937 2686 erectis,et
957 2639 1087 2691 calycis
1107 2640 1209 2679 fauce
1226 2638 1357 2679 annulo
1377 2633 1531 2691 pilorum
1547 2637 1667 2678 clausa
1683 2650 1702 2677 a
1723 2636 1766 2676 T.
1783 2651 1877 2690 pra-

393 2704 493 2737 tense
506 2698 656 2745 recedit,
670 2704 706 2739 et
720 2699 787 2739 hoc
803 2699 929 2740 ultimo
940 2700 1158 2747 charactere,
1176 2713 1242 2741 nec
1258 2712 1327 2740 non
1347 2698 1510 2753 capitulis
1523 2697 1713 2738 sessilibus
1733 2710 1751 2737 a
1771 2697 1878 2737 T.sa-

395 2762 470 2799 tivo
486 2784 539 2790 -—
562 2763 619 2802 An
654 2763 793 2815 species
827 2765 1000 2817 propria?
1019 2788 1073 2795 -
1091 2766 1224 2808 Confer
1249 2763 1365 2806 Koch.
1399 2777 1480 2816 syn.
1518 2764 1574 2802 ed.
1598 2762 1637 2803 2.
1659 2776 1700 2814 p.
1728 2761 1816 2808 184,
1841 2767 1875 2800 et

398 2819 527 2862 Reich.
551 2824 589 2873 fl.
616 2836 730 2873 yerm.
756 2825 854 2879 212.
881 2826 973 2867 494.
