2034 3329
717 185 987 218 PRAEFATIO
1586 191 1621 214 ix

68 287 212 328 maque
234 276 342 316 terra
363 272 431 315 vix
448 270 657 313 dissimills
688 270 773 325 (1);
799 274 938 312 tamen
973 270 1115 323 hyems
1138 267 1298 316 mitior,
1324 281 1418 310 nam
1440 280 1535 309 raro
1559 270 1622 309 ni·

68 355 136 385 ves
166 345 207 384 in
231 345 374 382 monte
406 341 593 392 Epomeo
636 339 835 379 decidunt
868 342 989 391 atque
1014 337 1267 390 perdurant,
1302 337 1519 389 minusque
1543 336 1623 377 fre-

67 410 244 459 quenter
277 406 373 446 imis
398 405 497 445 loeis
533 407 639 445 terra
672 404 765 456 gelu
804 403 1137 454 constringitur;
1174 402 1230 442 ita
1262 405 1306 441 ut
1326 400 1402 441 sub
1425 402 1494 441 diu
1516 400 1624 442 bene

70 477 263 525 vegetant
291 474 455 524 plantae
474 472 558 512 fere
591 483 732 511 omnes
748 470 889 512 Novae
906 470 1168 516 Hollandiae‚
1201 481 1276 509 nee
1300 480 1379 509 non
1406 468 1528 509 Ficus
1545 470 1626 508 ela-

68 542 182 585 stica,
210 537 490 587 Bruqmansia
511 537 702 583 candida,
728 536 854 576 Musa
870 535 1060 581 discolor,
1081 534 1292 580 Lautam,
1314 532 1622 586 Pelarqonium‚

73 606 241 649 Cereus.
271 604 473 655 Opuntia,
502 603 966 654 Mesembryanchemum
983 606 1025 642 et
1048 601 1146 642 Aloe
1164 601 1318 653 speeies
1334 600 1489 648 variae,
1518 600 1623 642 Por-

67 674 170 713 liera
192 673 498 723 hyqrometrica‚
523 671 760 721 Eryco-layna
780 670 1112 717 Corallocledron,
1144 668 1377 719 Euphorbia
1399 675 1521 718 caput
1543 681 1625 709 me-

70 741 196 781 dusae
217 771 228 786 ,
253 739 421 780 Kleinia
452 740 795 791 anteuphorbium
815 769 825 785 ,
848 742 897 779 et
919 739 1099 791 ficoides.
1127 736 1331 777 Russellia
1348 736 1519 785 juncea,
1548 737 1627 778 He-

70 806 303 855 liocropium
321 805 597 855 peruvianum
614 808 658 845 et
674 804 989 857 qrandislorum
1010 804 1175 855 Cuphea
1185 806 1428 855 placicrista,
1440 805 1629 856 [pomaeo

72 870 211 910 Learii
231 899 241 916 ‚
276 869 477 920 Abutylon
505 871 736 922 qiqameum
771 873 812 910 et
833 870 1038 917 striatam,
1078 869 1365 920 Spctrmannia
1401 872 1591 923 africana
1613 901 1624 919 ‚

75 938 321 979 Echeverria
342 939 608 991 qrandisolia‚
634 938 820 979 Achania
840 938 987 980 mollis.
1013 942 1055 979 et
1080 938 1398 985 Malvavischus,
1423 942 1506 980 etc.

131 1007 275 1047 Aestas
298 1007 432 1047 minus
456 1007 634 1053 fervens,
657 1007 988 1059 quandoquidem
1012 1007 1140 1047 insula
1161 1019 1180 1046 a
1202 1006 1334 1046 ventis
1357 1006 1478 1047 facile
1501 1006 1625 1047 refri-

75 1079 259 1127 gemtum
283 1079 422 1117 tamen
447 1076 488 1116 in
513 1075 724 1116 nonnullis
748 1076 848 1116 locis
869 1074 1069 1121 calidior,
1093 1073 1160 1113 ubi
1187 1073 1403 1126 nigerrimi
1426 1074 1625 1114 vulcaniei

77 1141 237 1193 lapides
261 1141 415 1186 insunt,
442 1142 504 1181 vel
527 1141 570 1180 in
595 1141 829 1192 praeruptis
851 1137 1097 1180 australibus
1120 1138 1222 1179 oris.
1260 1138 1426 1178 Pluviae
1455 1138 1624 1179 aestivis

76 1207 287 1247 mensibus
320 1205 557 1257 frequenter
578 1205 866 1245 desiderantur
885 1217 895 1252 ;
933 1215 1016 1244 non
1038 1204 1098 1244 ita
1121 1214 1240 1242 rarae
1261 1203 1434 1254 reliquis
1459 1207 1621 1253 tempe-

74 1269 265 1312 statibus.
291 1270 422 1311 Venti
445 1282 568 1321 saepe
593 1282 741 1321 magna
765 1270 803 1309 vi
826 1270 1031 1321 perflant3
1056 1269 1169 1310 inter
1206 1281 1310 1323 quos
1331 1273 1480 1312 Auster
1503 1273 1546 1310 et
1569 1274 1626 1309 A·

74 1337 198 1377 tricus
221 1335 373 1375 vernali
392 1338 464 1375 aut
483 1335 635 1375 aestivo
655 1339 839 1387 tempore
858 1333 1009 1375 vitibus
1025 1346 1294 1387 summopere
1320 1334 1451 1375 noxii.

133 1402 310 1447 Insulae,
335 1402 447 1453 cujus
469 1400 658 1453 geologia
684 1405 768 1440 tam
792 1411 813 1440 a
839 1400 986 1441 nostris
1003 1412 1127 1453 quam
1146 1399 1198 1440 ab
1215 1400 1369 1441 exteris
1385 1399 1627 1441 clarissimis

73 1467 171 1508 viris
194 1465 252 1520 (2)
277 1466 357 1507 fuit
389 1467 552 1517 optime
587 1466 811 1511 illustrata,
832 1465 1004 1506 omnino
1021 1468 1083 1506 est
1103 1465 1314 1506 vulcanica
1331 1465 1468 1518 origo.
1489 1466 1629 1515 Rupes

73 1546 216 1575 omnes
240 1533 478 1585 lapidesque
496 1535 756 1584 ιγαεὴῃιὶεαε,
778 1545 824 1574 ac
848 1533 984 1574 variae
1005 1534 1216 1575 soliditate
1238 1537 1280 1575 et
1302 1534 1464 1580 colore;
1501 1534 1557 1573 ita
1582 1536 1627 1573 ut

71 1602 292 1655 aliquando
316 1602 494 1654 expoliri
517 1602 695 1653 possint.
721 1602 975 1654 Lapillorum
993 1632 1003 1650 ‚
1025 1603 1297 1654 cinerumque
1319 1602 1627 1643 vulcanioarum

74 1666 341 1723 (Po'zzolana')
367 1669 566 1710 immania
587 1674 730 1718 strata,
757 1682 875 1723 saepe
897 1670 1105 1712 horizonti
1131 1669 1448 1723 respondentia,
1472 1670 1532 1711 vel
1557 1669 1625 1710 di-

119 1865 168 1909 (1)
184 1866 211 1897 T
212 1866 359 1909 emperies
375 1866 475 1900 media
490 1866 633 1911 Neapolis
649 1869 743 1904 totius
758 1868 832 1902 anni
848 1869 904 1910 16,
923 1869 979 1903 17.
993 1868 1106 1905 therm.
1124 1873 1206 1902 cent.

164 1934 210 1943 —
226 1918 328 1950 media
344 1917 496 1961 hyemalis
509 1921 532 1961 ’ξ-
548 1922 583 1953 8.

164 1973 208 1993 ²-
224 1969 326 2002 meda
342 1971 490 2004 aestivalis
507 1972 530 2012 ἦ·
547 1973 607 2006 25.

163 2039 206 2045 -—
219 2021 348 2054 minima
364 2022 512 2066 hyemalis
526 2042 566 2048 —
583 2024 619 2058 2.

162 2089 209 2099 —-
221 2073 357 2106 maxima
369 2074 520 2107 aestivalis
545 2077 568 2116 ’ὶ-
585 2077 644 2108 [40.

115 2122 151 2165 (2
155 2133 163 2166 )
181 2123 334 2156 Auctores
350 2124 403 2168 qui
420 2125 607 2167 geologieam
623 2125 746 2159 Insulae
765 2132 907 2161 naturam
922 2128 1145 2173 descripserunt
1159 2131 1244 2162 sunt:

70 2176 280 2213 ΗΑΜιιΤοΝ.
298 2178 408 2223 Campi
425 2180 595 2223 phlegraei.
612 2181 723 2225 Naples
740 2185 843 2217 1776.

70 2230 320 2265 Vnmvzmm.
338 2231 445 2264 Indice
461 2233 627 2276 spiegativo
643 2234 674 2267 di
690 2240 767 2268 tutte
785 2235 813 2268 le
826 2233 1009 2279 produzioni
1024 2232 1074 2265 del
1091 2231 1242 2272 Vesuvio,
1260 2228 1340 2263 della
1359 2227 1543 2266 Solsatarass
1558 2224 1629 2259 d'l·

114 2280 211 2313 schia.
230 2281 340 2326 Napoli
358 2285 461 2317 1783.

69 2333 269 2370 Bnfflsmx.
296 2336 475 2382 'l'opografia
494 2337 578 2371 fisica
594 2337 677 2370 della
693 2336 875 2380 Campania.
890 2335 1017 2370 Firenze
1035 2333 1328 2379 1798.—V0yages
1343 2332 1520 2377 physiques,
1538 2335 1568 2362 et
1584 2328 1631 2372 ly-

113 2385 307 2429 thologiques
323 2387 399 2421 dans
416 2389 446 2421 la
463 2388 643 2433 Campanie.
661 2388 747 2422 Paris
765 2391 867 2423 1801.

65 2437 229 2474 HALLER.
253 2439 390 2473 Tableau
406 2442 650 2486 topographique
666 2441 718 2475 des
733 2441 796 2476 Iles
810 2439 961 2481 d’Ischia,
979 2436 1017 2470 de
1030 2436 1147 2475 ponza,
1167 2445 1231 2466 CCC·
1251 2432 1363 2476 Naples
1388 2432 1489 2466 1822·

69 2487 284 2526 DUFRENOY-
302 2492 456 2526 Memoire
473 2506 525 2527 sur
542 2494 585 2527 les
599 2495 730 2527 terrains
745 2493 939 2536 volcaniques
954 2490 1007 2524 des
1022 2489 1163 2523 environs
1175 2486 1212 2519 de
1226 2485 1350 2529 Naples.
1369 2483 1456 2517 Paris
1471 2483 1575 2517 1838.

63 2541 403 2586 An1cn.Geologische
419 2544 692 2588 Beobachtumgen
705 2544 780 2578 iiber
795 2544 859 2578 dies
874 2542 1113 2576 vulckanischen
1125 2538 1393 2582 Erscheinumgen
1405 2538 1470 2572 und
1487 2538 1621 2571 Bildun-

108 2607 168 2638 gen
183 2597 216 2631 in
237 2604 326 2631 unter
343 2599 407 2632 und
424 2600 670 2634 Mittel-ltalien.
687 2598 944 2641 Braunschweig.
964 2599 1065 2632 1841.

64 2647 227 2684 Smecm.
247 2650 357 2696 Campi
374 2653 410 2684 ed
424 2653 503 2686 Isole
520 2654 647 2696 ssegaee,
666 2653 717 2687 nel
734 2652 864 2687 secondo
881 2657 964 2684 tomo
979 2649 1143 2693 dell'opera
1160 2648 1215 2681 che
1232 2647 1271 2680 ha
1289 2659 1341 2691 per
1360 2646 1446 2679 titolo
1461 2644 1626 2689 -Napoli

111 2712 127 2732 e
139 2713 193 2733 sue
211 2701 380 2737 vicinanze.
394 2704 504 2749 Napoli
522 2705 807 2740 1845—Memorie
820 2702 995 2746 geologiche
1013 2701 1092 2734 sulla
1109 2701 1289 2744 Campania.
1308 2699 1419 2744 Napoli
1436 2701 1598 2736 1849-50.

63 2750 88 2783 F
90 2762 236 2789 omsncA.
254 2753 480 2794 Dissertazione
497 2769 513 2791 e
530 2763 611 2793 carta
627 2756 783 2802 geologica
798 2754 953 2790 dell'Isola
969 2751 1117 2789 d’lschia.
1129 2751 1238 2796 Napoli
1255 2752 1356 2789 1847.
