1982 3334
630 174 795 203 nicorrc.
815 187 868 191 —
883 175 1198 203 mnrorurLLEAE
1646 167 1697 204 415

198 255 241 293 S.
266 252 498 305 glaucescens
515 252 743 304 glaberrima,
768 253 929 293 caulibus
951 255 1083 294 erectis
1103 254 1178 293 basi
1200 255 1361 300 ramosis,
1389 253 1481 293 soliis
1502 256 1690 294 scssilibus

248 313 412 366 oblongis
434 313 490 353 vel
511 312 930 360 lanceolam-linearibus,
945 314 1093 353 floribus
1114 315 1260 354 cernuis
1281 315 1314 354 in
1337 327 1476 354 racemo
1496 315 1694 355 dichotomo

249 377 444 430 dispositis,
466 377 574 416 ramis
592 376 850 428 inaequalibus,
869 377 1024 417 bracteis
1041 378 1224 424 scariosis,
1250 378 1367 429 calyce
1397 378 1597 418 vesiculoso
1614 392 1697 417 ner-

249 436 539 477 voso-reticulato
566 435 768 476 unihilicato
798 436 978 488 capsulam
1005 443 1139 476 ovatam
1158 438 1256 489 apice
1277 444 1492 477 contractam
1519 440 1694 478 acumina-

246 505 315 536 tam
336 496 493 536 breviter
527 497 721 548 stipitatam
751 501 945 548 superante
965 526 974 543 ‚
1006 497 1207 548 petalorum
1234 497 1374 537 laminis
1394 499 1570 551 bipartitis
1591 500 1691 539 sance

243 556 451 609 bigibbosis,
478 556 580 608 stylis
600 557 698 609 apice
718 569 788 596 non
809 556 1034 603 incrassatis,
1055 557 1253 596 seminibus
1275 558 1696 610 globoso-reniformibus

242 625 345 660 acute
367 619 600 660 tuberculatis
630 621 786 673 undique
807 620 1186 661 concentrico-striatis
1206 622 1265 660 vix
1293 621 1474 674 depressis
1496 623 1600 663 dorso
1622 637 1694 664 non

246 683 502 723 canaliculatis.

195 746 247 785 lc.
277 745 369 786 Ten.
392 747 416 784 l.
434 759 465 785 c.
490 751 517 785 t.
539 745 604 786 37.

192 810 233 849 ln
255 810 407 856 saxosis,
429 810 471 849 ad
501 822 626 862 rupes,
650 810 684 849 in
705 809 900 861 sylvaticis,
924 823 990 850 nec
1010 822 1079 850 non
1100 810 1136 849 in
1153 811 1285 863 campis
1307 811 1436 864 apricis
1460 813 1607 864 passim.

195 873 324 925 Aprili,
354 873 515 914 Octobri.
545 873 609 926 25,
633 880 669 914 et
688 887 793 926 saepe
814 875 889 914 basi
918 878 952 928 I)

193 934 304 974 Folia
324 935 440 987 plana,
464 936 625 986 margine
645 935 968 975 ciliato-serrulata:
1002 936 1141 987 calyces
1161 937 1196 976 in
1217 936 1342 976 fructu
1362 936 1428 976 sub
1448 938 1545 988 apice
1566 948 1690 988 parum

242 1001 424 1039 constricti
442 1031 450 1045 ‚
475 1012 542 1039 non
561 999 687 1046 clausi,
711 1000 772 1038 sed
792 1000 1003 1052 praesertim
1025 1000 1091 1040 sub
1112 1000 1253 1040 anthesi
1273 1001 1409 1053 aperti,
1432 1014 1477 1040 ex
1509 1001 1698 1039 albido-vi—

244 1072 382 1109 rentes,
398 1068 433 1102 et
447 1063 546 1102 venis
562 1063 734 1102 viridibus
747 1063 1000 1102 intensioribus
1012 1063 1205 1109 reticulam
1220 1063 1384 1103 dentibus
1395 1063 1689 1116 triangularibus,

241 1127 371 1172 acutis,
390 1139 532 1178 semper
552 1126 698 1166 erectis:
721 1128 830 1177 flores
850 1126 989 1165 candidi
1010 1157 1019 1173 ‚
1042 1138 1122 1166 raro
1152 1126 1246 1165 rosei
1265 1126 1356 1178 apud
1385 1139 1463 1166 nos:
1490 1127 1699 1178 petalorum

242 1188 391 1228 laminae
425 1190 612 1242 bipartitae
633 1220 642 1236 ,
673 1190 748 1229 basi
769 1190 987 1229 auriculatae
1008 1203 1017 1235 3
1037 1189 1128 1228 lobis
1148 1189 1286 1229 obtusis
1301 1220 1311 1236 ‚
1330 1202 1435 1241 saepe
1462 1190 1623 1241 angustis
1654 1202 1693 1227 ac

239 1255 449 1295 crenulatis:
473 1254 625 1306 capsula
645 1253 751 1299 levis,
775 1253 989 1305 glaberrima
1009 1283 1018 1298 ,
1054 1252 1245 1304 tecaphoro
1280 1252 1346 1291 sub
1367 1252 1443 1304 ipsa
1472 1253 1589 1291 statim
1611 1265 1696 1291 con—

237 1320 362 1359 stricto
386 1331 424 1358 ac
450 1317 672 1370 strangulato
694 1317 863 1357 suffulta:
886 1318 1030 1357 semina
1051 1316 1442 1363 cinereo-rufeseentia‚
1464 1316 1627 1368 utrisque
1649 1317 1695 1354 sa-

235 1383 356 1423 ciebus
378 1382 665 1423 concaviuscula.

187 1445 336 1498 Species
358 1445 436 1489 ista,
463 1444 516 1483 uti
545 1448 642 1483 recte
659 1447 754 1483 notat
772 1441 828 1483 Cl.
856 1441 976 1489 Colla,
992 1441 1138 1481 Villem.
1163 1447 1199 1482 et
1219 1440 1307 1480 God.
1328 1441 1355 1480 l.
1378 1452 1411 1480 c.
1435 1452 1502 1480 non
1524 1439 1689 1479 soliorum

236 1506 419 1545 latitudine
441 1518 460 1544 a
481 1503 522 1544 S.
546 1506 679 1556 inflata
709 1503 797 1543 Dee.
822 1504 973 1550 recedit,
996 1516 1076 1543 nam
1097 1503 1283 1543 character
1313 1503 1382 1542 iste
1416 1501 1503 1541 satis
1537 1500 1689 1539 variabi—

234 1567 279 1607 lis
301 1573 372 1614 est,
396 1567 460 1606 sed
488 1565 590 1617 stylis
610 1566 707 1618 apice
728 1564 950 1616 aequalibus,
974 1577 1043 1604 non
1062 1577 1147 1604 vero
1167 1563 1373 1603 incrassatis
1389 1594 1398 1609 ‚
1421 1568 1457 1602 et
1487 1561 1629 1614 capsula
1650 1574 1689 1601 0-

232 1627 352 1666 voidea
373 1639 440 1666 non
461 1625 619 1678 globosa.
654 1625 745 1666 Cum
780 1626 823 1664 S.
853 1624 1081 1677 angustifolia
1101 1623 1266 1664 Marsch.
1290 1623 1357 1663 alia
1371 1624 1510 1677 species
1531 1623 1593 1670 sit,
1609 1622 1686 1662 ideo

238 1687 348 1738 hujus
370 1693 513 1727 nostrae
530 1698 655 1726 nomen
678 1691 754 1724 erat
774 1685 995 1725 mutandum.

254 1927 309 1967 De
325 1925 506 1967 nonnullis
527 1925 714 1979 speciebus
734 1925 844 1977 hujus
865 1926 1010 1978 generis
1034 1925 1156 1966 ltaliae
1180 1925 1356 1979 indigenis
1376 1928 1559 1980 sequentia

747 1989 939 2030 adnotanda
957 1994 1055 2042 puto.

132 2117 163 2157 1.
192 2117 234 2156 S.
260 2128 525 2157 canasromsss.
547 2114 632 2155 Lin.
656 2127 713 2168 sp.
735 2115 792 2168 pt.
816 2114 908 2155 596.

183 2179 239 2221 Cl.
263 2180 405 2219 Bertol.
425 2181 466 2220 in
485 2181 525 2232 fl.
549 2180 633 2219 ital.
664 2180 703 2218 lt.
729 2193 771 2232 p.
794 2180 870 2219 574
893 2180 1023 2232 optime
1053 2179 1223 2219 describit
1244 2178 1285 2218 S.
1311 2179 1561 2224 cer-astoidem,
1589 2193 1677 2231 quae

227 2256 335 2296 prope
361 2243 477 2295 Reyio
509 2244 544 2282 in
567 2243 731 2284 Calabria
760 2243 905 2296 collegi,
935 2249 970 2283 et
989 2256 1093 2296 quam
1124 2243 1175 2282 illi
1195 2244 1465 2290 communicavi,
1489 2256 1575 2295 quae
1594 2256 1675 2282 cum

234 2308 349 2359 planta
365 2307 563 2347 herbLtn.
585 2313 708 2348 exacte
730 2308 891 2361 quadrat;
906 2308 969 2348 sed
989 2308 1032 2347 ad
1052 2309 1164 2361 ipsius
1185 2308 1473 2361 descriptionem,
1496 2321 1540 2347 ex
1560 2308 1679 2362 inspe-

231 2368 346 2407 ctione
366 2367 521 2420 plurium
543 2369 792 2420 speciminum‚
815 2369 902 2409 haec
923 2369 991 2409 alia
1006 2369 1204 2421 adjungere
1226 2374 1379 2421 oportet.

170 2428 306 2467 Planta
322 2429 601 2480 piloso-viscitla,
620 2430 701 2481 pilis
718 2429 995 2481 glandulosiS,et
1010 2431 1122 2482 quoad
1139 2431 1296 2469 habitum
1311 2430 1353 2469 S.
1366 2429 1512 2482 gallicae
1535 2429 1573 2480 (J
1577 2431 1672 2479 ord.)

227 2492 370 2537 similis:
389 2493 509 2531 caules
522 2492 834 2546 5-14pollicares:
846 2495 940 2545 solia
952 2494 1139 2546 aliquando
1151 2493 1677 2545 oberato-spathulata:pedun-

229 2554 303 2593 eulz'
327 2553 513 2592 inferiores
547 2554 582 2592 in
609 2553 738 2605 plantis
764 2554 877 2606 magis
899 2553 1082 2606 explicatis
1112 2554 1146 2592 in
1177 2554 1297 2592 fructu
1325 2553 1591 2598 horizonlaliter
1612 2566 1672 2605 pa-

223 2621 341 2655 tentes
363 2616 432 2665 (sat
451 2627 531 2655 raro
547 2617 753 2668 divaricati),
771 2617 949 2669 capsulam
966 2618 1158 2669 perfectam
1172 2617 1248 2656 fere
1261 2621 1532 2668 aequantes,aut
1547 2628 1671 2667 parum

227 2682 449 2728 superantes:
471 2676 580 2727 flores
595 2676 628 2714 in
647 2677 743 2728 apice
759 2690 981 2724 racemorum
1003 2690 1107 2729 saepe
1128 2677 1270 2717 distichi
1290 2691 1297 2716 2
1322 2677 1460 2728 calyces
1486 2676 1553 2715 sub
1572 2677 1669 2728 apice

219 2737 540 2782 constricti‚ta1nen
552 2737 604 2775 uti
625 2737 659 2775 in
671 2738 770 2776 icone
787 2736 916 2777 Retclt.
932 2743 1028 2777 cent.
1048 2738 1106 2777 16.
1120 2739 1151 2790 f.
1163 2737 1266 2777 5057
1282 2749 1349 2776 non
1367 2735 1543 2776 reticulati
1559 2737 1667 2788 (reti-

225 2801 331 2841 culati
344 2812 386 2840 ex
404 2798 568 2840 Willem.
585 2806 616 2840 et
635 2799 742 2840 Godr.
755 2802 780 2840 l.
796 2802 861 2853 c.):
878 2803 958 2854 ejus
978 2802 1104 2843 dentes
1117 2801 1314 2848 lanceolam,
1333 2802 1438 2848 acuti,
1452 2800 1593 2841 demum
1614 2813 1668 2840 re-
