1982 3334
613 246 777 275 nicom.
795 254 845 262 —
860 242 1143 274 UMBELLIFERAE
1577 233 1652 272 149

218 335 278 372 via
300 333 338 371 di
357 332 457 370 basso
477 332 515 370 (li
533 330 766 376 Chimmano,
789 331 880 369 delle
902 329 1079 370 Chianole
1100 329 1159 368 dcl
1179 327 1380 375 Τεείαοοὶο,
1403 329 1540 369 discessi
1561 329 1654 368 delle

213 394 248 432 F
249 395 420 444 (ilangjhe,
438 394 495 431 ‹ch
515 392 549 429 F
550 406 678 437 fisano,
702 393 739 431 di
761 390 929 437 Catrcca,
953 405 970 429 c
991 391 1086 430 zlella
1106 390 1216 429 Pera.

163 456 273 505 Majo,
300 456 477 506 Augusto.
503 454 552 501 O

160 518 399 558 Involucrum
419 514 654 568 polyphyllum
672 528 679 553 :
711 515 840 567 petala
871 527 939 554 non
959 514 1128 554 radiantia
1148 526 1156 553 :
1186 515 1372 564 fructuum
1390 512 1504 554 aculei
1523 513 1655 553 rectiu-

213 577 321 624 sculi,
343 577 400 616 vel
422 576 576 622 incurvi,
599 576 698 627 apice
718 574 899 627 simplices
920 586 994 613 non
1011 573 1226 625 glochidiati.

104 641 142 680 ⁶2.
170 641 218 681 T.
242 652 452 681 PURPUREA.
477 639 579 679 Guss.
603 652 682 690 syn.
709 640 743 678 1.
766 652 808 691 p.
831 637 980 678 337-
997 637 1162 679 Caucalis
1180 648 1374 690 purpurea.
1403 636 1495 677 Ten.
1512 638 1655 689 llaiap.

161 760 209 800 T.
233 760 334 800 caule
356 764 476 800 erecto
491 771 646 805 ramoso,
668 757 762 798 foliis
777 758 1017 798 conformibus
1039 755 1287 810 1-2-pinnatis‚
1306 756 1438 797 foliolis
1453 756 1658 797 lanceolatis

212 820 364 872 integris
381 819 435 860 vel
451 818 798 872 pinnatifido-incisis
814 817 1020 870 aequalibus
1038 817 1235 870 (terminali
1254 829 1323 857 non
1344 817 1546 869 elongato),
1564 818 1659 857 invo-

212 881 315 922 lucro
331 882 514 928 subnullo,
539 881 761 921 involucellis
777 881 991 934 polyphyllis
1008 880 1197 932 (umbellae
1217 881 1327 922 radiis
1345 880 1450 934 2-3),
1472 882 1653 921 fructuum

215 942 350 982 aculeis
370 942 506 982 scabris
527 943 624 994 apice
644 941 882 995 glochidiatis.

163 1002 218 1043 Ic.
246 1002 337 1042 Ten.
357 1003 384 1042 l.
409 1017 441 1042 c.
465 1008 492 1042 t.
519 1003 604 1043 131.

162 1063 220 1102 Ad
236 1075 355 1115 sepes,
379 1063 421 1102 ad
441 1075 578 1111 muros,
596 1068 631 1104 et
650 1064 684 1103 in
703 1062 876 1104 silvaticis
896 1063 1041 1116 passim.

161 1126 297 1179 Aprili,
322 1127 433 1178 Majo.
458 1129 508 1176 O

159 1186 218 1228 Cl.
242 1186 384 1226 Ber-tol.
418 1188 452 1226 in
472 1188 513 1238 fl·
536 1188 619 1227 ital.
642 1187 682 1227 3.
703 1200 745 1239 p.
772 1186 843 1227 188
863 1199 884 1227 a
906 1185 950 1226 T.
973 1187 1124 1238 infesta,
1146 1199 1166 1226 a
1184 1199 1253 1239 qua
1273 1197 1425 1238 prorsus
1445 1187 1560 1227 aliena
1582 1198 1657 1238 est,

210 1260 278 1288 non
300 1254 464 1299 separat;
497 1260 562 1287 nec
586 1247 629 1286 T.
654 1248 904 1299 hecerophffla
925 1248 1078 1287 varietas
1097 1253 1155 1287 est
1177 1246 1222 1287 T.
1243 1259 1470 1299 purpureae,
1502 1249 1554 1287 uti
1583 1248 1660 1298 ipsc

211 1306 271 1348 Cl.
294 1306 434 1347 Bertol.
454 1308 481 1346 l.
500 1320 533 1347 c,
556 1307 686 1359 aliique
703 1313 837 1358 putant,
866 1319 946 1346 nam
962 1306 1121 1353 habitus,
1139 1312 1174 1346 et
1190 1307 1376 1348 character
1390 1307 1556 1348 foliorum
1575 1319 1658 1347 con·

211 1375 349 1410 stantes
370 1376 468 1417 sunt,
492 1376 529 1411 et
549 1371 632 1410 dum
651 1370 738 1410 haec
759 1371 794 1409 in
822 1370 945 1410 Insula
963 1370 1096 1423 ubique
1117 1370 1234 1417 obvia,
1257 1384 1302 1411 ex
1321 1371 1468 1412 adverso
1492 1371 1535 1411 T.
1561 1372 1659 1410 hete-

210 1435 403 1486 rophyllae
422 1436 568 1473 unicum
584 1439 721 1474 tantum
737 1434 917 1486 specimen
928 1435 998 1473 vidi
1015 1435 1145 1487 !,quod
1165 1439 1263 1475 certe
1284 1436 1493 1481 erraticum,
1507 1444 1587 1473 nam
1603 1446 1658 1473 sc—

213 1497 308 1536 mina
323 1510 402 1537 cum
421 1498 493 1537 illis
513 1497 649 1538 Tritici
670 1499 705 1537 in
726 1497 849 1538 Insula
870 1498 1017 1538 advecta
1035 1499 1213 1538 videntur.
1251 1499 1418 1551 Denique
1436 1499 1527 1550 quod
1548 1498 1657 1551 pejus

211 1556 269 1597 Cl.
297 1556 419 1597 Webb.
445 1558 480 1596 in
499 1557 606 1609 Phyt.
626 1570 753 1598 canar.
777 1558 849 1596 vol.
873 1557 913 1597 3.
944 1571 1035 1610 pars
1065 1558 1104 1597 2.
1128 1563 1215 1598 sect.
1241 1559 1280 1598 2.
1310 1572 1353 1611 p.
1388 1558 1463 1598 166
1493 1558 1537 1597 Τ.
1563 1572 1657 1610 pur-

209 1634 384 1673 puream,
409 1621 452 1660 T.
478 1622 777 1675 heterophyllmn‚
809 1622 853 1660 T.
868 1622 1082 1672 neyloetam,
1109 1627 1145 1662 et
1164 1621 1208 1663 T.
1232 1623 1448 1664 helveticum
1467 1622 1503 1661 in
1523 1622 1663 1662 unicam

216 1685 374 1737 speciem
395 1686 561 1726 associat.

105 1747 143 1786 3.
170 1747 216 1787 T.
241 1761 545 1790 HETEROPHYLLA.
576 1749 679 1789 Guss.
700 1764 762 1802 pr.
791 1752 824 1790 1.
846 1763 888 1802 p.
911 1750 1004 1796 326,
1030 1755 1067 1790 et
1086 1762 1164 1801 syn.
1191 1752 1226 1789 1.
1247 1762 1289 1802 p.
1311 1748 1392 1790 338
1412 1771 1468 1778 —-
1483 1747 1572 1787 Dec.
1593 1760 1658 1799 pr.

216 1809 257 1848 4.
278 1823 320 1862 p.
345 1809 700 1862 219—Kochsyn.
725 1812 780 1850 ecl.
805 1812 844 1850 2.
868 1824 908 1863 p.
928 1811 1036 1849 45-
1058 1811 1104 1849 Τ.
1128 1821 1319 1862 purpurea,
1345 1809 1378 1848 b.
1401 1808 1493 1847 Ten.
1510 1809 1550 1859 fl·
1570 1821 1660 1859 nap.

213 1869 254 1910 3.
276 1884 317 1922 p.
340 1870 486 1910 279-—
505 1872 551 1910 T.
576 1871 717 1917 infesta,
744 1872 777 1910 b.
801 1870 940 1910 Bercol.
964 1872 1003 1922 sl.
1029 1871 1108 1910 ital.
1133 1870 1173 1910 3.
1194 1883 1237 1921 p.
1263 1868 1347 1909 188.

163 1931 209 1971 T.
231 1930 333 1970 caule
350 1937 471 1971 erecto
486 1943 610 1984 parum
627 1943 783 1978 ramoso,
801 1931 896 1971 soliis
912 1930 1143 1970 inferioribus
1167 1929 1424 1982 ‘1—2-pinnatis,
1441 1927 1572 1968 foliolis
1586 1927 1661 1967 lan-

214 1994 361 2035 ceolatis
385 1995 508 2035 incisis
529 1996 661 2034 extimo
678 2008 746 2035 non
768 1994 931 2046 elongato
947 2025 957 2041 ‚
979 1994 1129 2034 caulinis
1150 1993 1397 2044 superioribus
1417 1992 1584 2037 ternatis,
1606 1991 1659 2030 so-

219 2058 314 2099 liolis
335 2058 530 2098 linearibus
551 2058 728 2110 elongatis
749 2059 1054 2102 inciso-serratis,
1078 2056 1256 2108 supremis
1278 2054 1532 2107 angustissime
1554 2053 1663 2092 linea-

217 2119 319 2158 ribus
340 2119 491 2169 integris
513 2118 749 2170 simplicibus,
772 2117 948 2158 umbellae
966 2117 1074 2156 radiis
1090 2115 1181 2162 2-3,
1204 2114 1386 2154 involucro
1405 2113 1588 2159 subnusso,
1612 2114 1665 2152 in-

216 2180 404 2220 volucellis
424 2178 649 2232 polyphyllis,
672 2179 854 2218 fructuum
875 2177 1010 2218 aculeis
1031 2176 1167 2216 scabris
1186 2175 1285 2228 apice
1306 2173 1544 2227 glochidiatis.

165 2244 216 2283 Ic.
236 2245 353 2283 nulla,

166 2305 208 2343 ln
230 2305 383 2344 dumetis
402 2315 512 2357 prope
533 2307 677 2354 segetes
698 2302 903 2348 rarissima3
922 2307 1042 2341 monte
1062 2300 1233 2352 Trippitt
1255 2298 1456 2339 scendendo
1486 2297 1523 2336 al
1539 2297 1658 2349 piano

215 2370 254 2408 di
272 2368 413 2408 Muori.

165 2432 278 2484 Majo,
303 2432 422 2472 Junio.
448 2434 498 2482 O

166 2493 300 2533 Confer
319 2494 605 2545 praecedentem.

112 2555 149 2593 4.
178 2556 223 2594 T.
248 2566 406 2594 NODOSA.
431 2553 519 2593 Dec.
541 2567 602 2605 pr.
626 2554 666 2592 4.
687 2567 729 2606 p.
752 2551 1036 2594 ΞΙΩ-Βενιοῐ.
1059 2553 1099 2604 fl.
1123 2551 1206 2590 ital.
1228 2550 1269 2590 3.
1286 2562 1329 2602 p.
1350 2545 1663 2588 189—Caucalis

217 2617 461 2658 nodosaTen.
479 2620 518 2670 sl.
539 2618 672 2670 nap.3.
690 2633 731 2671 p.
750 2618 826 2658 280
836 2642 893 2648 —-
911 2617 1118 2668 Tordylium
1134 2616 1319 2655 nodosum.
1339 2612 1423 2652 Lin.
1441 2625 1494 2663 sp.
1513 2612 1550 2662 pl
1564 2610 1659 2651 346.

170 2681 222 2720 lc.
247 2681 351 2734 Jaeq.
377 2687 490 2721 azcstr.
508 2682 546 2720 5.
570 2695 605 2733 p.
630 2681 697 2728 40,
721 2688 755 2721 et
774 2695 856 2734 app.
880 2688 906 2721 t.
929 2681 982 2721 24
996 2703 1052 2710 --
1069 2677 1232 2720 Caucalis
1251 2676 1293 2716 ad
1313 2675 1386 2716 alas
1407 2676 1551 2716 florens.
1572 2672 1657 2713 Riv.

219 2750 317 2796 pent.
341 2745 411 2783 irr.
436 2749 461 2782 t.
489 2742 765 2782 158—L0bel.
789 2745 838 2783 ic.
864 2741 952 2782 726.

169 2805 225 2845 Ad
246 2818 384 2851 muros,
407 2804 596 2851 maceries,
619 2804 660 2844 ad
681 2816 805 2856 rupes,
824 2804 910 2844 etin
932 2801 1098 2854 lapidosis
1120 2800 1265 2850 ubique.

167 2866 294 2918 Aprili,
324 2867 434 2917 Majo.
456 2868 505 2915 O
