2034 3329
393 165 410 186 1
1002 152 1189 186 PRAEFA
1198 154 1224 184 T
1233 153 1277 184 ΙΟ

385 241 612 285 versimode
636 241 859 291 inclinata;
899 245 1038 284 tamen
1061 274 1071 291 ,
1097 241 1332 296 liquefactis
1354 240 1467 284 saxis
1488 271 1499 289 ,
1535 243 1606 283 aut
1631 239 1843 283 vulcanico
1876 242 1942 282 to-

384 310 465 360 pho
486 308 699 360 congeries
722 310 878 349 multae
895 310 937 349 et
955 308 1180 349 altissimae
1204 313 1388 355 marnae,
1417 307 1507 358 plus
1530 305 1668 346 minus
1689 306 1857 346 conchis
1881 316 1945 345 re-

385 375 533 421 fertae,
547 373 891 425 superimpositae
905 375 975 414 aut
993 371 1222 414 substratae
1242 376 1354 419 sunt3
1370 383 1475 424 quae
1493 382 1542 411 eo
1561 370 1692 423 magis
1715 373 1860 411 notatu
1878 369 1942 409 di-

385 450 488 491 gnae
508 441 677 489 propter
699 438 921 490 peculiares
945 437 1104 488 plantas
1126 448 1227 490 quas
1249 437 1381 483 alunt,
1407 447 1483 477 nec
1505 447 1585 476 non
1610 434 1707 489 quia
1730 435 1780 475 ad
1802 436 1948 477 fictilia

387 517 476 547 vasa
502 506 728 558 lateresque
751 505 1002 559 effingendos
1020 517 1041 545 a
1059 506 1231 546 remotis
1253 516 1379 559 usque
1399 503 1654 558 temporibus
1672 503 1861 544 maximo
1885 504 1947 544 in-

390 573 574 614 colarum
599 574 884 615 emolumento
909 573 1153 614 inserviunt.

445 637 578 679 Iidem
597 637 812 678 vulcanico
830 637 957 691 topho
976 649 998 677 a
1015 637 1248 688 sulphureis
1265 636 1568 678 exalationibus
1585 636 1872 690 decomposito
1889 637 1940 678 ad

390 708 567 748 Alumen
590 705 894 746 conficiendum
918 707 1018 747 olim
1042 707 1293 753 utebantur;
1321 717 1430 746 nunc
1452 718 1548 747 vero
1578 707 1630 747 ad
1656 708 1788 748 solam
1806 708 1939 748 calca—

389 786 501 814 ream
526 772 742 812 candidam
765 775 913 813 terram
938 770 1212 825 (Bianchelto)
1236 771 1462 823 parandam
1482 768 1701 812 adhibent.
1721 771 1944 824 Sulphuris

390 841 578 882 nonnihil
602 853 696 880 curn
722 844 831 880 terra
854 840 1082 881 commixto
1103 851 1226 892 prope
1248 840 1282 879 le
1304 841 1409 892 stitfe
1431 840 1473 880 di
1497 838 1546 880 S.
1567 838 1754 881 Lorenzo
1776 841 1816 881 al
1840 839 1946 880 Lac-

387 920 433 947 co
454 906 676 951 invenitur,
700 905 770 945 sed
797 917 869 944 usu
896 917 975 945 non
1000 904 1125 944 venit:
1143 907 1185 944 at
1209 904 1423 944 mineralia
1458 902 1639 952 nobilia,
1664 917 1769 958 quae
1793 909 1950 947 veteres

388 978 459 1014 ant
481 972 729 1014 recentiores
752 976 940 1013 auctores
970 975 1305 1012 commemorant
1330 972 1532 1026 (Jasotino
1563 973 1739 1015 [rimedii
1757 972 1950 1014 naturali

388 1042 584 1089 d'Ischia,
603 1046 643 1083 et
667 1040 913 1085 Mammam
936 1041 1044 1082 Dice.
1068 1042 1287 1094 yeoqraph.
1315 1054 1356 1082 v.
1383 1041 1427 1090 6,
1450 1055 1495 1094 p.
1525 1041 1618 1095 141)
1644 1043 1687 1083 in
1709 1042 1844 1083 insula
1869 1042 1950 1082 mi-

391 1110 503 1150 nime
526 1108 693 1149 adsunt.
922 1126 926 1129 ·
1401 1117 1404 1121 '

452 1176 603 1215 Terrae
625 1172 677 1214 ab
701 1174 836 1227 igneis
859 1174 1154 1216 emissionibus
1177 1175 1476 1227 provenientes
1499 1185 1686 1227 asperae,
1709 1173 1861 1220 siccae,
1895 1176 1955 1215 te-

393 1254 513 1290 nues,
535 1254 579 1283 ac
597 1243 820 1294 aliquando
843 1255 1024 1292 macrae3
1053 1257 1135 1284 non
1160 1244 1215 1285 ita
1239 1248 1379 1284 tamen
1401 1248 1446 1284 ut
1469 1243 1636 1285 aestivis
1661 1243 1871 1284 mensibus
1887 1254 1954 1283 ve-

393 1310 548 1362 getatio
565 1310 775 1362 langueat;
792 1311 1002 1364 graviores
1018 1324 1133 1362 vero,
1156 1314 1387 1354 tenaciores
1402 1324 1449 1353 ac
1465 1311 1706 1361 feraciores,
1721 1323 1827 1364 quae
1848 1320 1960 1350 mar-

393 1386 544 1416 naceae
565 1379 678 1417 sunt.

450 1442 661 1484 Montium
685 1443 947 1487 declivitates
971 1446 1179 1494 elatiores,
1202 1447 1304 1500 quin
1329 1446 1458 1487 etiam
1476 1445 1605 1488 colles
1626 1443 1801 1498 lapidosi
1820 1445 1862 1484 et
1878 1442 1961 1483 sic-

393 1505 523 1547 ciores
546 1507 753 1549 fruticetis
773 1509 835 1549 vel
869 1510 1050 1551 dumetis
1073 1509 1473 1564 sempervirentibus
1497 1510 1586 1565 (1),
1621 1510 1683 1551 vel
1713 1509 1838 1564 sylvis
1872 1518 1963 1549 cae-

394 1574 487 1615 duis
509 1588 558 1616 ex
585 1575 792 1618 Castanea
814 1590 931 1619 vesca
953 1579 1125 1621 consitis
1147 1577 1317 1621 obducti
1344 1583 1460 1627 sunt,
1486 1580 1536 1621 de
1558 1579 1706 1633 quibus
1744 1576 1965 1619 fruticibus

394 1637 714 1698 arboribusque,
738 1658 815 1687 nec
840 1659 918 1687 non
942 1647 992 1688 de
1016 1648 1177 1690 Vitium
1199 1649 1421 1690 sarmentis
1453 1648 1673 1689 materiam
1703 1658 1779 1700 pro
1816 1646 1961 1686 dome—

395 1708 510 1749 sticis
547 1707 687 1750 usibus
723 1722 771 1752 ac
808 1712 1047 1754 fornacibus
1084 1714 1244 1754 alendis
1279 1715 1434 1754 incolae
1474 1713 1661 1754 trahunt.
1701 1711 1887 1753 Cerealia
1921 1713 1964 1751 et

397 1775 673 1827 Leguminosa
697 1781 893 1821 nonnulla
917 1782 958 1821 in
981 1782 1226 1823 editissimis
1248 1782 1562 1835 praeruptisque
1585 1781 1702 1829 locis,
1727 1779 1960 1820 inconsulte

401 1842 518 1887 satis,
543 1843 748 1891 coluntur,
777 1845 1025 1898 interposita
1048 1847 1176 1888 etiam
1203 1848 1241 1888 in
1269 1847 1390 1888 siccis
1411 1859 1458 1888 ac
1479 1847 1676 1888 resolutis
1700 1845 1824 1888 terris
1846 1857 1957 1898 spar-

402 1907 481 1947 sim
498 1937 509 1953 ,
533 1909 593 1948 vel
618 1920 691 1959 per
712 1910 880 1951 ordines
912 1912 1190 1954 horizontales
1212 1911 1343 1953 Saline
1364 1913 1456 1954 alba
1477 1911 1789 1953 decacuminata
1803 1941 1814 1959 ,
1845 1908 1961 1962 cujus

403 1973 507 2013 rami
529 1972 752 2026 quotannis
775 1976 922 2017 resecti
954 1977 1004 2017 ad
1030 1977 1137 2018 vites
1160 1977 1385 2030 alligandas
1423 1977 1682 2025 inserviunt;
1707 1987 1814 2030 quae
1846 1976 1963 2017 arbor
2010 2011 2016 2016 .

401 2041 543 2080 tamen
565 2041 609 2081 in
633 2043 842 2095 argillosis
875 2044 1200 2096 depressioribus
1233 2043 1653 2099 humentioribusque
1687 2044 1820 2097 magis
1851 2043 1968 2084 luxu-

402 2105 501 2147 riat.
526 2108 574 2148 ln
598 2109 905 2152 declivitatibus
923 2112 1237 2153 demissioribus
1255 2125 1384 2167 usque
1407 2113 1456 2153 ad
1491 2112 1591 2153 litus
1619 2112 1804 2165 undique
1830 2111 1970 2151 vineas

401 2171 643 2221 instituunt3
664 2174 846 2229 istaeque
863 2177 1059 2230 diligenti
1078 2179 1305 2231 solertique
1328 2189 1422 2218 cura
1440 2178 1651 2225 excultae,
1677 2174 1971 2231 frequentibus

403 2236 681 2288 fossionibuS,
706 2242 1037 2297 opportunisque
1066 2243 1479 2297 pampinationibus,
1506 2246 1804 2297 praetereaque
1837 2253 1971 2283 mace-

445 2394 496 2438 (1)
514 2394 642 2430 Plantae
665 2408 743 2441 quac
757 2397 898 2433 fruticeta
914 2405 968 2434 aut
983 2400 1108 2434 dumeta
1119 2400 1312 2435 constituunt
1329 2405 1494 2445 sequentes
1509 2405 1582 2435 sunt
1598 2414 1605 2434 :
1626 2400 1757 2446 Myrtus
1774 2398 1972 2437 communis,

401 2450 559 2485 Pislacia
577 2456 770 2495 Lentiscus,
791 2459 936 2499 Quercus
950 2458 1024 2491 Ilex
1040 2464 1070 2491 et
1081 2460 1261 2502 pubescens
1276 2485 1284 2499 ,
1303 2458 1473 2492 Fraxinus
1504 2457 1615 2491 Omns
1628 2484 1636 2498 ‚
1661 2456 1836 2502 Phillyrea
1858 2455 1969 2488 media

399 2517 435 2541 ac
451 2510 686 2554 angustisolt'a,
703 2513 853 2548 Arbutus
874 2514 1007 2556 Uncdo,
1029 2518 1236 2562 Calycotome
1252 2519 1380 2555 villosa,
1405 2517 1540 2563 Cytisus
1557 2517 1701 2559 lrtflorus
1716 2526 1753 2547 ac
1770 2514 1968 2552 candicans,

406 2566 576 2599 (Joronilla
592 2571 740 2612 Emems,
760 2569 927 2614 Spaniam
936 2577 1107 2615 junceum,
1127 2572 1361 2608 Sorothamnus
1376 2576 1549 2618 scoparius
1566 2574 1698 2617 (rarus),
1721 2573 1834 2609 Cislus
1849 2572 1974 2614 affinis,

405 2625 651 2664 monspeliensis
663 2652 670 2666 ,
689 2626 890 2671 sah¹isc7lc'us,
909 2634 940 2662 et
954 2630 1104 2670 villosus,
1129 2630 1294 2663 Loniccra
1312 2632 1470 2672 implexa,
1493 2629 1586 2662 Rosa
1605 2628 1847 2670 semperivrens,
1866 2624 1975 2658 Erica

405 2679 551 2719 arborea,
565 2680 739 2716 Rhammaes
751 2684 1092 2732 Alatcmus,Daplme
1106 2687 1283 2732 Gnidiam,
1295 2687 1423 2724 smilax
1435 2683 1843 2729 mauritania-a,Clcmacis
1856 2680 1972 2718 Flam-

410 2738 516 2779 mula,
534 2743 564 2771 et
592 2737 746 2777 Vilalba.
