1982 3334
645 200 810 229 nicom..
827 210 876 218 —
893 200 1166 231 OHOBANCHEAE
1607 194 1686 234 249

188 285 240 325 lc.
264 285 393 325 Reieh.
417 290 512 325 cent.
537 284 573 323 7.
596 287 625 335 s.
649 283 741 329 876,
763 282 848 329 877,
874 283 949 324 879
963 283 1119 325 —Coss.
1143 291 1176 324 et
1198 283 1318 334 Germ.
1345 286 1410 325 all.
1433 286 1621 338 fl.1‘a¹1·iS.
1646 296 1674 329 t.

233 349 293 388 19.
316 352 345 401 f.
371 349 416 389 F.

172 414 208 453 b.
229 414 450 466 flavesce7283
474 412 623 453 floribus
653 411 1129 454 ssavescentf-concoloribus
1151 413 1371 462 laxioribus,
1395 414 1538 456 corollis
1559 417 1679 457 minus

225 475 394 514 arcuatis.
414 473 521 513 Reat.
548 473 583 511 in
605 472 694 512 Dee.
715 486 779 524 pr.
802 475 860 513 11.
881 487 923 525 p.
946 474 1012 513 29.

171 547 205 574 c.
229 534 420 578 lutescens;
447 533 595 572 floribus
608 532 659 572 uti
676 538 777 585 parte
800 534 985 585 superiore
1007 534 1103 587 scapi
1124 534 1252 587 pallide
1270 534 1672 584 albida-lutescentibus,

225 597 370 637 corollis
392 598 449 636 vix
472 597 647 643 curvatis,
671 597 768 648 spica
789 597 913 636 densa.

173 658 230 698 Ad
251 660 390 698 radices
413 656 620 698 Oenanthes
632 658 949 710 pimpinessoidis,
972 670 1037 697 nec
1055 671 1122 698 non
1139 658 1285 698 aliarum
1303 659 1522 712 plantarum:
1547 673 1620 701 var.
1642 663 1675 701 b.

224 720 265 758 ad
286 719 365 759 illas
386 718 682 772 Hypochaert'dt's
703 720 981 771 neapolitanam
1002 731 1076 759 var.
1102 732 1134 758 c.
1158 719 1201 759 acl
1221 720 1359 760 radices
1383 721 1559 763 Carlinae
1579 724 1681 764 invo-

224 784 403 823 lucratae.

173 846 307 898 Aprili,
329 848 441 899 Majo.
463 849 513 898 Θ

171 907 352 948 Braeleae
373 908 588 960 sanguineae
603 938 613 955 ,
635 907 688 948 uti
707 906 845 959 calyces
865 912 901 948 et
921 907 1040 961 sepala
1057 939 1066 956 ,
1089 908 1207 961 calyce
1243 910 1432 962 adpressae
1454 942 1462 958 ‚
1484 910 1675 952 ovato-lan-

222 971 396 1020 ceolatae,
418 973 654 1019 acuminatae,
676 971 845 1012 corollam
863 978 1059 1025 aequantes
1079 986 1087 1012 ε
1111 975 1239 1026 sepala
1260 974 1447 1026 bipartita3
1474 975 1611 1015 laciniis
1632 986 1667 1013 a-

224 1033 431 1080 cuminatis,
450 1045 556 1086 saepe
575 1022 820 1085 inaequalibus
838 1047 845 1072 ε
870 1034 1009 1072 corolla
1028 1035 1167 1074 sordide
1184 1047 1223 1073 ac
1240 1034 1368 1087 pallide
1396 1036 1545 1082 rubens,
1569 1035 1668 1075 striis

225 1098 437 1150 sanguineis
457 1103 573 1138 notata
590 1128 599 1144 ,
622 1096 786 1138 tubulosa
802 1128 811 1144 ‚
835 1097 1047 1138 subcurvata
1067 1112 1076 1144 ;
1100 1099 1190 1139 labio
1208 1100 1393 1152 superiore
1415 1100 1634 1152 emarginato
1654 1112 1663 1144 ;

226 1157 358 1197 lobulis
378 1157 518 1197 obtusis
538 1171 547 1203 ;
572 1158 740 1197 interiore
762 1158 958 1210 3-partito;
991 1158 1081 1199 lobis
1102 1160 1380 1212 subaequalibus
1401 1191 1409 1207 ,
1440 1161 1639 1200 rotundatis
1658 1174 1666 1206 ;

220 1221 386 1260 omnibus
408 1221 465 1260 vix
485 1221 883 1273 crispato-denticulatis
905 1235 912 1261 :
935 1223 1125 1274 filamenta
1144 1236 1253 1276 prope
1274 1224 1387 1263 basim
1421 1224 1497 1264 tubi
1537 1225 1672 1264 inserta

221 1283 376 1333 (versus
397 1281 551 1320 medium
576 1281 674 1321 Coss.
699 1289 733 1321 et
763 1281 884 1321 Germ.
905 1282 916 1333 )
939 1313 947 1329 ,
979 1282 1055 1321 basi
1085 1288 1220 1323 tantum
1256 1283 1457 1331 subeiliata,
1481 1290 1664 1325 caeterum

221 1341 451 1394 glaberrima‚
474 1343 525 1382 uti
541 1344 690 1393 stigyma,
714 1343 811 1395 quod
831 1342 1218 1391 divaricato—bilobum,
1241 1344 1497 1385 kermesinum.

173 1403 213 1443 ln
236 1415 310 1443 var.
335 1403 367 1442 b.
391 1415 523 1455 scapus
538 1402 614 1443 basi
636 1404 795 1456 squamis
812 1402 1133 1443 ovato-lanceolatis
1163 1405 1372 1444 acuminatis
1405 1406 1586 1459 adpressis
1608 1418 1667 1446 ru-

224 1464 446 1504 fescentibus
466 1469 600 1510 tectus,
624 1463 757 1503 rubens
777 1463 834 1502 vel
856 1464 995 1503 sordide
1018 1465 1218 1504 flavescens
1239 1477 1247 1503 :
1272 1465 1437 1505 bracteae
1454 1468 1610 1518 squamis
1630 1467 1676 1507 si-

221 1527 336 1573 miles,
364 1529 462 1580 apice
484 1528 597 1580 magis
618 1532 844 1574 attenuatae,
868 1527 1023 1568 corollae
1043 1536 1141 1568 arcte
1161 1529 1375 1581 adpressae‚
1400 1529 1494 1569 illam
1516 1543 1674 1582 aequan-

222 1594 279 1629 tes
303 1603 310 1628 :
334 1588 463 1640 sepala
485 1588 661 1634 rubentia,
684 1587 838 1627 corollae
860 1588 937 1627 scre
958 1587 1187 1640 aequilonga,
1214 1588 1399 1640 aliquando
1420 1592 1576 1642 integra,
1598 1603 1672 1629 sae-

225 1653 305 1706 pius
326 1652 491 1704 bipartita
511 1666 519 1698 ;
545 1651 682 1691 laciniis
713 1651 922 1704 aequalibus
939 1682 948 1698 ‚
970 1651 1027 1691 vel
1058 1652 1170 1692 altera
1189 1652 1355 1693 breviore
1376 1666 1383 1692 :
1408 1654 1517 1705 flores
1549 1654 1667 1694 inodo-

219 1717 278 1761 ri,
307 1716 467 1762 sessiles,
494 1716 550 1755 vel
573 1716 759 1768 aliquando
781 1716 969 1756 inferiores
999 1716 1247 1769 pedunculati:
1271 1718 1412 1757 corolla
1432 1717 1664 1758 ochroleuco-

219 1778 418 1816 flavescens
440 1807 448 1823 ,
472 1775 688 1816 rectiuscula
706 1807 714 1823 ‚
739 1775 804 1815 5-6
826 1775 890 1815 lin.
917 1776 1022 1829 longa
1041 1808 1050 1824 ,
1074 1777 1266 1825 tubulosa,
1299 1778 1401 1817 fauce
1432 1791 1558 1831 nempe
1591 1791 1661 1818 non

219 1840 376 1887 dilatata;
408 1840 497 1879 lobis
528 1840 777 1893 irregulariter
797 1840 1193 1893 denticulato-crispatis
1209 1872 1218 1889 ,
1243 1841 1535 1894 subaequalibus;
1560 1855 1664 1894 supe-

217 1903 311 1942 riore
334 1903 605 1942 concaviusculo
625 1916 633 1948 ;
659 1903 837 1942 inferioris
862 1902 950 1942 lobis
967 1902 1104 1942 duobus
1126 1903 1332 1944 lateralibus
1352 1917 1432 1943 cum
1449 1904 1661 1945 intermedio

215 1966 292 2005 fere
313 1965 714 2019 conduplicato-plicatis
735 1980 743 2012 3
778 1967 925 2018 ideoque
948 1966 1065 2019 gibbis
1086 1967 1221 2007 duabus
1249 1969 1341 2007 inter
1371 1968 1468 2008 lobos
1490 1968 1655 2008 laterales

213 2031 249 2065 et
268 2026 424 2064 medium
440 2027 482 2065 ad
498 2026 607 2065 basim
631 2027 932 2078 prominentibus,
951 2039 989 2066 ae
1006 2026 1158 2067 corollae
1179 2028 1317 2067 faucem
1334 2027 1597 2076 claudentibus,
1622 2035 1662 2069 ut

212 2090 246 2128 in
268 2087 507 2129 Antii-raino:
529 2091 718 2141 ftlamenta
738 2090 862 2135 albida,
890 2090 931 2129 ad
952 2090 1064 2130 basim
1084 2090 1160 2130 tubi
1182 2091 1331 2138 inserta,
1355 2091 1493 2131 inferne
1514 2091 1654 2139 latiora,

213 2152 332 2204 ibique
349 2152 443 2192 villis
464 2153 710 2206 eglandulosis
733 2159 823 2193 tecta
843 2185 851 2200 ,
881 2160 1064 2194 caeterum
1086 2154 1209 2206 glabra
1228 2169 1235 2194 :
1270 2156 1446 2195 antherae
1462 2156 1621 2195 inclusae
1645 2188 1653 2203 ‚

211 2214 278 2253 sub
300 2214 465 2266 stigmate
486 2215 709 2259 reconditae.
736 2216 812 2254 fere
834 2215 1001 2267 globosae
1015 2247 1024 2262 ,
1055 2216 1249 2268 apiculatae
1270 2229 1278 2256 :
1303 2217 1472 2256 avariam
1492 2222 1527 2257 et
1545 2219 1657 2269 stylus

209 2277 445 2324 albidum,aut
466 2278 531 2318 iste
547 2279 758 2318 rubescens:
777 2281 910 2330 stigma
928 2280 1018 2320 intra
1034 2279 1187 2319 corollae
1204 2280 1341 2320 faucem
1357 2280 1577 2333 prominens,
1596 2282 1661 2321 sed

208 2337 299 2377 labio
315 2338 499 2391 superiore
516 2339 669 2380 corollae
687 2339 847 2386 brevius,
867 2340 1060 2391 didymum,
1079 2339 1250 2388 albidum,
1269 2344 1329 2381 aut
1344 2340 1577 2394 pallidissime
1594 2355 1656 2383 ro-

206 2413 325 2449 seum,
348 2401 588 2454 granulatum.

158 2463 200 2505 In
221 2477 294 2504 var.
318 2479 350 2505 e.
373 2467 481 2517 flores
501 2467 629 2519 ingrati
650 2467 783 2515 odoris,
808 2475 844 2508 et
862 2469 911 2508 uti
933 2480 1015 2520 pars
1033 2469 1199 2521 superior
1216 2467 1355 2520 plantae
1375 2467 1502 2521 pallide
1524 2467 1658 2508 albido-

207 2527 431 2569 latescentes
452 2542 460 2568 z
492 2543 661 2582 squamae
682 2544 842 2584 sparsae,
866 2538 901 2571 et
917 2531 1024 2571 simul
1045 2545 1126 2572 cum
1143 2531 1298 2571 bracteis
1320 2533 1441 2571 fuscae
1457 2544 1496 2571 ac
1517 2538 1656 2577 acutae,

210 2591 268 2631 vel
289 2593 506 2633 acuminatae
529 2607 536 2633 :
560 2594 724 2635 bracteae
754 2595 921 2635 corollam
943 2601 1136 2647 aequantes
1171 2601 1231 2635 aut
1252 2600 1464 2648 superantes
1489 2608 1496 2634 :
1529 2596 1658 2646 sepala

205 2654 369 2706 bipartita
394 2668 402 2700 ;
438 2654 574 2694 laciniis
592 2668 634 2695 ex
651 2661 753 2696 ovata
774 2656 849 2696 basi
870 2656 1281 2696 acuminato—attenuatis
1303 2687 1311 2702 ‚
1337 2655 1469 2695 corolla
1485 2655 1656 2696 breviori-

205 2717 273 2757 bus
294 2732 300 2756 :
339 2720 478 2758 corolla
513 2719 677 2761 tubulosa
694 2753 703 2766 ‚
731 2721 786 2760 vix
809 2726 953 2761 curvata
973 2733 981 2766 3
1018 2720 1112 2760 lobis
1133 2719 1460 2773 crenato-crispatis
1481 2733 1488 2766 ;
1513 2720 1548 2759 in
1577 2719 1656 2759 lobo

206 2780 321 2819 medio
343 2780 423 2820 labii
444 2781 624 2821 inferioris
646 2781 770 2833 gibbae
790 2782 878 2823 duae
898 2780 1091 2822 obsoletae:
1114 2781 1305 2833 filamenta
1325 2792 1433 2833 supra
1451 2780 1563 2819 basim
1580 2780 1656 2820 tubi

206 2839 358 2881 corollae
381 2841 535 2888 inserta,
558 2841 671 2882 albida
687 2873 696 2889 ,
719 2842 795 2883 basi
817 2842 962 2890 villosa,
985 2842 1082 2896 apice
1102 2841 1225 2895 glabra
1245 2855 1252 2881 :
1286 2842 1397 2893 stylus
1417 2840 1571 2889 albidus,
1594 2844 1653 2881 vix

1440 2903 1490 2942 32
