1982 3334
595 218 764 249 [neom.
784 228 834 238 —
849 219 1079 250 comosum
1539 214 1613 253 197

164 307 298 358 ginata,
321 307 356 346 in
377 306 474 347 disco
492 307 660 360 utrinque
681 309 866 356 tristriata,
893 322 932 349 ac
962 314 1145 362 praeterea
1162 315 1366 352 transverse
1381 311 1553 364 rugulosa
1572 315 1600 358 !;

163 379 235 417 quo
257 367 468 418 praesertim
489 367 695 408 charactere
717 380 736 407 a
755 369 990 421 praecedente
1011 370 1251 421 dignoscitur.

54 427 93 467 4.
122 427 165 467 S.
191 439 445 467 TENERRIMUS.
470 426 554 466 Lin.
572 440 630 480 sp.
651 428 709 480 pl.
736 429 898 468 1117-
917 428 1008 469 Ten.
1025 430 1067 481 fl.
1085 430 1441 484 11αρ.5.]1.18Ι--
1457 431 1599 472 Bertol.

161 491 201 541 sl.
216 490 299 530 ital.
318 489 355 530 8.
374 503 409 541 p.
428 491 520 531 395.

109 550 162 591 Ic.
185 549 315 590 Reich.
339 550 433 590 hort.
457 556 484 589 t.
512 549 584 590 139
602 572 652 580 —
682 550 886 591 Hieracium
904 550 998 591 soliis
1015 552 1049 591 in
1066 557 1190 593 tenues
1206 553 1350 596 lacinias
1364 556 1536 608 profunde
1552 568 1612 597 se-

166 612 251 657 ctis,
274 611 363 650 ssore
385 609 495 650 luteo.
520 609 655 650 Plukn.
676 611 780 662 γῆμε.
805 616 832 649 t.
857 610 921 650 93.
938 613 969 662 f.
993 611 1033 651 3.

110 673 142 712 b.
162 672 309 711 italicus
326 683 338 716 ;
356 670 450 710 foliis
471 670 741 722 bipinnatifidis,
765 670 902 710 laciniis
923 678 1073 723 anguste
1095 671 1290 714 linearibus
1304 697 1358 704 —
1378 675 1422 715 S.
1442 676 1598 717 italicus.

169 735 261 788 Spr.
281 748 312 773 s.
337 748 416 786 vey.
438 734 478 775 3.
497 747 534 785 p.
554 734 649 775 651.

113 799 156 840 ln
176 798 340 839 herbosis
362 810 471 851 super
489 809 612 839 muros
631 811 641 844 3
667 796 934 840 Casamicciola
955 829 964 846 ‚
986 797 1102 839 Lacco
1123 829 1132 847 ‚
1154 799 1270 841 Forio
1291 831 1300 848 ,
1323 800 1449 844 Ischta
1466 815 1574 856 sopra
1593 805 1609 844 i

163 863 278 909 muri,
301 863 344 902 ed
364 863 400 901 al
419 861 591 903 castello.
619 878 620 881 ¹

115 925 281 973 Octobri,
307 925 417 965 Julio.
443 928 511 976 Ε),
534 933 569 965 et
584 924 769 977 aliquando
789 926 863 966 basi
893 928 926 978 Ι)

113 989 266 1042 Species
287 990 401 1041 quoad
422 989 585 1030 soliorum
607 990 832 1036 incisionem,
850 997 886 1029 et
900 990 1054 1030 anthedii
1071 990 1337 1042 pubescentium
1352 993 1595 1046 polymorpha;

156 1061 274 1092 tamen
295 1066 439 1105 semper
460 1053 603 1105 glabra,
626 1052 718 1094 laete
738 1054 860 1094 virens
879 1068 887 1093 ε
910 1055 1110 1106 pedunculi
1131 1056 1231 1103 nudi,
1253 1056 1519 1099 subumbcllati:
1533 1059 1602 1110 llo-

153 1126 210 1152 res
226 1113 325 1154 aurei
345 1126 353 1154 :
376 1115 520 1154 semina
540 1113 812 1166 subtetragona,
836 1115 976 1162 striata,
998 1121 1203 1157 transverse
1224 1116 1410 1169 rugulosa.

638 1247 719 1282 219.
737 1246 1004 1282 ANDRYALA.

42 1302 80 1335 ἢ
91 1327 97 1339 .

462 1359 547 1401 Lin.
567 1374 652 1413 9611.
674 1362 730 1414 pl.
751 1363 807 1402 ed.
831 1360 983 1402 Schreb.
1007 1375 1046 1402 11.
1068 1362 1183 1404 1240.

47 1484 84 1524 1.
110 1484 156 1524 A.
182 1496 366 1525 DENTATA.
391 1484 509 1525 Sibth.
533 1515 543 1531 ‚
564 1491 602 1526 et
631 1483 753 1524 Smith
772 1486 812 1537 ll.
836 1497 894 1537 yr.
916 1497 978 1538 pr.
1001 1485 1040 1526 2.
1061 1498 1104 1539 p.
1130 1485 1206 1525 140
1224 1508 1273 1516 —
1295 1486 1340 1526 A.
1366 1486 1599 1539 integrisolia,

153 1545 186 1584 b.
215 1544 306 1584 Ten.
331 1546 371 1596 fl.
391 1558 481 1597 nap.
504 1544 544 1584 2.
567 1558 610 1597 p.
633 1544 727 1585 200.

103 1604 156 1644 lc.
181 1603 299 1644 Sibtlz.
323 1607 363 1656 fl·
383 1618 441 1656 qr.
465 1611 492 1644 t.
516 1603 604 1644 811.

102 1670 144 1710 ln
165 1670 328 1711 herbosis
350 1671 479 1724 apricis
498 1671 648 1724 passim.

100 1737 212 1788 Majo,
237 1737 356 1778 Junio.
382 1739 433 1788 Ε)

93 1797 222 1837 Floras
243 1798 381 1838 intense
402 1797 589 1851 sulphurei
608 1800 637 1844 !‚
659 1803 696 1838 ct
715 1797 821 1851 duplo
841 1799 918 1838 fere
938 1799 1090 1851 majores
1112 1830 1120 1846 ,
1154 1811 1260 1851 quam
1290 1801 1325 1840 in
1356 1805 1529 1853 sequente
1548 1823 1597 1832 —

151 1861 210 1902 Cl.
234 1860 376 1901 Bertol.
401 1862 436 1902 in
455 1864 495 1914 fl·
520 1863 602 1902 ital.
627 1862 663 1902 8.
687 1876 722 1914 p.
741 1862 836 1909 548,
854 1876 936 1903 cum
952 1862 998 1903 A.
1018 1865 1251 1916 integi-isone
1268 1865 1466 1917 conjungit;
1491 1878 1508 1904 a
1528 1878 1596 1917 qua

146 1925 258 1977 quoad
280 1927 409 1966 florum
429 1926 589 1967 colorem
609 1926 768 1980 aliasque
788 1933 888 1967 notas
908 1939 1059 1981 prorsus
1080 1927 1215 1975 aliena,
1239 1941 1304 1968 nec
1333 1928 1425 1981 apud
1445 1941 1508 1968 nos
1528 1941 1594 1968 un-

146 1998 251 2038 quam
271 1987 384 2027 variat
402 1989 411 2025 ἱ

43 2049 82 2088 2.
110 2049 156 2089 A.
175 2062 385 2091 UNDULATA.
409 2049 514 2090 Presl
534 2051 606 2090 del.
629 2050 744 2102 prag.
768 2064 804 2103 p.
830 2050 972 2092 113-
990 2050 1036 2091 Α.
1061 2052 1215 2091 sinuata.
1244 2051 1334 2091 Ten.
1357 2052 1399 2103 fl·
1429 2065 1518 2104 mip.
1555 2050 1594 2090 5.

148 2123 190 2161 p.
213 2109 290 2148 200
307 2111 325 2148 ?

104 2170 158 2210 lc.
184 2170 388 2210 Hieracium
409 2173 601 2218 marinum,
627 2177 884 2220 tomentosum,
908 2172 1088 2219 incanum,
1113 2172 1275 2213 Cishorii
1294 2172 1393 2220 folio,
1417 2174 1504 2213 flore
1520 2185 1598 2212 cau-

149 2231 232 2270 dido
255 2231 467 2283 sulphureo.
491 2232 588 2272 Bon.
607 2237 634 2272 t.
662 2232 749 2272 126.

100 2294 141 2334 ln
163 2295 312 2335 collibus
331 2295 512 2344 herbosis,
534 2302 570 2338 et
588 2296 631 2337 ad
650 2297 739 2336 vias.

98 2357 211 2407 Majo,
237 2357 357 2396 junio.
379 2359 429 2406 Ε)

99 2419 285 2460 Ληιὴοάιίι
302 2420 389 2459 setis
410 2419 756 2473 purpurascentibus
776 2419 1025 2472 glanduliferis
1046 2425 1201 2460 tomento
1224 2420 1439 2459 intermixtis
1465 2420 1597 2459 instru-

148 2485 220 2519 cta:
245 2480 517 2531 receptaculum
535 2479 879 2532 pilosum-Potius
900 2480 986 2520 haec
1006 2481 1160 2520 varietas
1180 2477 1227 2518 A.
1251 2481 1503 2531 iutegrifoliae
1523 2485 1595 2527 cst,

153 2539 219 2580 sub
239 2553 308 2592 qua
327 2540 488 2581 refertur
509 2552 529 2580 a
549 2541 596 2580 cl.
620 2540 777 2586 Bertol„
798 2546 835 2580 et
855 2553 874 2580 a
893 2540 1002 2588 Dec„
1021 2542 1083 2581 sed
1103 2554 1122 2580 a
1136 2540 1371 2593 praecedente
1392 2542 1600 2581 diversissi-

147 2616 204 2643 ma
222 2634 231 2649 ,
261 2604 385 2644 habitu
406 2635 415 2651 ‚
453 2612 489 2646 et
507 2606 640 2658 florum
660 2605 794 2652 colore,
817 2604 878 2658 qui
898 2604 932 2645 in
952 2604 1019 2646 hac
1051 2604 1157 2645 albidi
1184 2605 1240 2646 vel
1268 2604 1499 2659 pallidissiiue
1520 2605 1599 2644 sul-

149 2666 276 2719 phurei
297 2669 304 2705 !
