1982 3334
314 173 393 213 120
856 181 1028 210 nicom.
1046 190 1099 196 —-
1115 180 1311 208 BOSACEAE

376 275 430 315 lc.
453 273 556 314 Lam.
576 275 636 315 ill.
668 288 755 325 qen.
788 279 816 313 t.
840 271 934 312 409.
958 275 987 324 Γ.
1012 275 1035 313 1
1051 296 1105 302 —-
1125 273 1360 324 Agrimonia„
1392 285 1458 313 seu
1489 274 1743 326 Eupatorium.
1783 277 1877 315 Dod.

424 344 567 392 pempt.
591 337 657 380 28.

371 401 404 440 b.
428 399 560 440 foliolis
585 396 1124 451 elliptico-lanceolatis‚acutis.

376 461 419 500 ln
440 460 627 506 silvaticis,
650 464 687 499 et
706 459 750 499 ad
765 471 870 511 sepes
891 465 1067 511 utraeque
1089 459 1280 499 varietates
1299 459 1434 512 passim
1454 465 1664 500 occurrunt.

376 523 491 573 Maio,
517 522 642 561 Junio.
670 521 715 574 26

374 587 460 626 Var.
485 587 519 626 b.
544 599 625 626 cum
645 585 692 627 A.
716 587 871 627 odorata
891 598 961 626 non
980 590 1037 625 est
1057 584 1317 625 confundenda.

999 718 1078 751 104.
1094 716 1229 750 ROSA.

755 834 842 874 Lin.
861 847 947 886 qen.
967 834 1025 886 pl.
1045 834 1101 873 ed.
1122 832 1274 873 Schreb.
1294 848 1333 873 n.
1356 833 1449 874 863.

325 962 362 1000 1.
387 960 434 1000 R.
458 972 759 1001 SEMPERVIRENS.
782 959 869 999 Lin.
888 959 1015 1012 sp.pl.
1041 959 1174 999 704-
1193 958 1285 999 Ten.
1309 960 1350 1011 ΓΖ.
1374 973 1465 1012 nap.
1489 959 1529 998 4.
1546 974 1588 1012 p.
1613 958 1893 999 284-Bertol.

433 1026 474 1077 Ῑῖ.
498 1025 581 1063 ital.
605 1024 644 1063 5.
666 1038 707 1077 p.
727 1024 819 1065 913.

381 1086 433 1125 lc.
457 1085 618 1124 Duham.
642 1085 720 1125 arb.
741 1087 796 1125 ed.
817 1086 856 1125 2.
876 1099 910 1124 v.
932 1085 968 1124 7.
993 1090 1019 1123 t.
1049 1085 1110 1124 13.
1134 1087 1163 1136 f.
1190 1084 1316 1135 1-R.
1343 1085 1628 1137 sempervirens,
1653 1086 1904 1136 Jungerman-

435 1148 485 1186 ni.
509 1145 603 1185 Ditl.
630 1147 718 1186 elth,
738 1153 765 1186 t.
790 1146 884 1186 246.
915 1148 943 1197 Γ.
968 1145 1058 1185 318.

377 1211 412 1251 b.
435 1213 639 1263 multiflora
658 1225 668 1257 3
685 1211 817 1251 foliolis
838 1211 921 1250 latis
942 1212 953 1261 (
975 1211 1037 1249 1-1
1063 1210 1127 1260 1]“2
1144 1209 1229 1263 poll.
1250 1211 1278 1261 ),
1302 1209 1451 1250 floribus
1472 1210 1691 1256 numerosis,
1708 1209 1894 1262 peduncu—

435 1271 479 1311 lis
501 1271 751 1324 calycibusque
773 1273 862 1312 setis
884 1271 1150 1324 glandulil'cris,
1171 1272 1223 1310 uti
1245 1272 1279 1310 in
1297 1285 1332 1309 α.
1358 1271 1479 1311 tectis.

383 1333 440 1373 Ad
461 1345 588 1386 sepes,
611 1333 655 1372 ad
674 1334 848 1374 silvarum
868 1334 1066 1386 margines,
1092 1339 1129 1373 et
1150 1333 1185 1372 in
1207 1333 1389 1373 fruticetis
1409 1332 1540 1385 apricis
1559 1346 1567 1373 ;
1594 1344 1670 1372 var.
1694 1332 1727 1371 b.
1747 1333 1845 1385 siepi
1862 1333 1901 1372 dt

436 1394 718 1447 Cantpaynano.

382 1461 492 1511 Majo,
518 1461 644 1501 Junio.
677 1462 712 1513 Ι)

386 1523 504 1575 Vulgo
525 1522 734 1563 Rostinella
755 1524 902 1562 blanca.

380 1584 416 1623 F
416 1585 512 1624 tores
532 1584 617 1631 albi,
637 1585 843 1637 gratissime
866 1585 963 1623 odori
990 1597 998 1629 3
1033 1583 1161 1636 petalis
1184 1581 1385 1621 obccrdatis
1405 1596 1413 1621 :
1445 1582 1532 1633 styli
1563 1581 1693 1627 albidi,
1712 1594 1828 1633 usque
1864 1581 1911 1621 ad

433 1647 568 1698 apicem
584 1646 741 1692 connati,
759 1651 927 1698 patenter
947 1645 1203 1696 pubescentes,
1225 1644 1387 1682 stamina
1407 1643 1554 1682 candida
1576 1643 1858 1694 subaequantcs.

326 1711 367 1749 ⁶2.
394 1709 441 1749 R.
465 1723 620 1750 CAMNA.
644 1709 730 1750 Lin.
753 1723 813 1763 sp.
833 1710 890 1762 pl.
917 1709 992 1748 704
1009 1732 1063 1738 —-
1084 1707 1176 1747 Ten.
1201 1709 1242 1760 ΓΙ.
1267 1721 1357 1760 nap.
1382 1707 1422 1746 A.
1450 1721 1494 1760 p.
1517 1706 1665 1747 986-
1685 1706 1828 1746 Ber-tol.
1861 1708 1902 1758 ΓΖ.

435 1775 519 1814 ital.
542 1774 580 1812 5.
602 1788 644 1826 p.
666 1775 759 1814 201.

381 1849 417 1874 a.
441 1836 626 1887 vttl9a7·is;
650 1835 864 1888 pedunculis
887 1835 1181 1888 germinibusque
1203 1833 1355 1886 glabris.
1375 1832 1475 1873 Koch
1494 1846 1575 1885 syn.
1599 1834 1655 1872 ed.
1680 1833 1720 1873 2.
1742 1847 1784 1886 p.
1809 1833 1899 1874 251.

390 1900 441 1939 lc.
466 1899 526 1938 Ft.
546 1901 632 1940 dan.
659 1907 685 1939 t.
710 1900 802 1939 555.

381 1961 415 1999 b.
440 1961 594 2005 collina,⁴
618 1961 829 2014 pedunculis
845 1961 1060 2014 pctiolisquc
1078 1960 1461 2014 glanduloso-hispidis
1482 1992 1491 2007 ,
1511 1960 1734 2013 germinibus
1751 1960 1903 2013 glabris.

437 2021 541 2062 Koch
562 2023 588 2061 l.
613 2036 645 2062 c.
672 2023 683 2075 (
707 2035 776 2062 non
800 2023 847 2062 R.
872 2022 1014 2063 collina.
1040 2022 1145 2075 Jaeq.
1165 2024 1178 2073 J

395 2088 437 2127 ln
453 2087 624 2127 silvaticis
639 2119 647 2134 ,
667 2095 703 2127 et
731 2088 773 2127 ad
793 2101 897 2141 sepes
918 2103 925 2128 :
950 2101 1026 2128 var.
1053 2102 1086 2127 α,
1113 2090 1173 2140 fra
1191 2086 1232 2127 S.
1252 2086 1388 2127 Nicola
1409 2101 1427 2125 e
1448 2087 1485 2126 la
1506 2085 1636 2125 Pietra
1656 2087 1741 2125 dell·
1757 2099 1871 2139 acqua
1899 2117 1908 2132 ‚

443 2150 542 2201 siepi
561 2150 659 2189 della
680 2149 872 2190 Madonna
892 2151 950 2189 det
970 2150 1098 2189 Monte
1119 2163 1233 2201 sopra
1250 2149 1381 2195 Forio‚
1401 2150 1443 2188 in
1460 2150 1576 2201 quelle
1592 2150 1631 2187 dt
1653 2147 1695 2187 S.
1720 2148 1906 2200 Giuseppc

455 2215 492 2253 al
510 2220 624 2266 ponte
643 2216 739 2254 detta
756 2229 845 2254 cava
866 2216 924 2254 del
940 2214 1068 2254 Larino
1086 2228 1200 2266 sopra
1221 2215 1256 2252 al
1274 2213 1407 2260 Laeco,
1425 2215 1522 2265 stept
1543 2215 1581 2252 cit
1597 2213 1724 2252 Panza
1741 2228 1748 2252 z
1778 2226 1854 2253 var.
1879 2214 1911 2252 b.

445 2275 559 2314 salita
574 2276 667 2314 delle
684 2275 844 2315 Petrelle
864 2283 956 2315 sotto
978 2283 1098 2315 monte
1122 2275 1233 2321 Vetto,
1256 2277 1352 2314 selve
1383 2276 1474 2314 detta
1491 2273 1525 2312 F
1527 2275 1702 2325 alanyhc,
1726 2276 1784 2314 del
1800 2275 1834 2313 F
1835 2289 1916 2314 asa-

445 2349 510 2382 πο,
533 2337 572 2375 dt
595 2336 767 2383 Cam-cca,
792 2352 810 2376 c
831 2338 928 2376 della
950 2337 1061 2377 Pera.

396 2400 529 2453 Aprili,
551 2400 664 2452 Majo.
698 2403 732 2454 Ι)

392 2461 566 2514 Stipulae
586 2462 751 2502 soliorum
773 2463 949 2503 ssoralium
966 2464 1146 2511 dilatatae,
1169 2464 1362 2516 cllipticae;
1386 2464 1421 2502 in
1442 2463 1593 2516 reliquis
1614 2463 1804 2515 oblongae,
1823 2465 1918 2505 auri-

446 2525 540 2566 culis
555 2527 670 2566 acutis
691 2540 699 2565 :
717 2528 851 2579 foliola
872 2528 998 2575 oralia,
1022 2529 1142 2581 plana,
1165 2535 1225 2568 aut
1245 2528 1534 2575 concaviuscula,
1559 2528 1600 2568 ad
1616 2541 1734 2568 ramos
1755 2529 1920 2579 juniores

450 2590 596 2630 steriles
617 2591 942 2639 evah-lanceolata,
966 2601 1085 2641 acuta,
1111 2595 1230 2634 omnia
1252 2600 1381 2645 argute
1402 2593 1579 2633 biserrata
1599 2607 1607 2639 ;
1633 2594 1844 2640 serraturis,
1864 2592 1917 2632 uti

450 2651 594 2704 petiolis
615 2651 825 2706 laciniisque
847 2654 1033 2706 calycinis,
1057 2656 1099 2695 ad
1120 2656 1320 2708 marginem
1342 2653 1595 2706 glanduliferis
1615 2654 1722 2706 (quod
1744 2655 1778 2694 in
1800 2655 1919 2706 specie

449 2726 520 2753 non
541 2718 684 2754 notatur
698 2715 725 2767 );
750 2726 859 2769 supra
879 2716 1097 2768 glaberrima
1117 2749 1125 2763 ‚
1150 2718 1289 2756 intense
1311 2715 1462 2756 virentia
1484 2746 1492 2761 ,
1516 2715 1644 2755 subtus
1663 2715 1793 2768 pallida
1814 2728 1853 2755 ac
1873 2716 1916 2755 ad

453 2785 580 2814 nervos
603 2774 667 2814 sed
685 2776 876 2828 praecipue
895 2777 938 2816 ad
953 2785 1092 2817 costam
1109 2777 1357 2830 pubescentia,
1382 2789 1421 2817 ac
1438 2777 1480 2816 ad
1497 2777 1600 2815 istam
1613 2777 1720 2816 etiam
1737 2776 1919 2829 glandulis

427 2847 432 2848 ⁷
451 2837 633 2877 nonnullis
649 2838 784 2880 obsita:
806 2841 926 2881 acutat
942 2842 1018 2897 basi
1034 2843 1179 2889 dilatati,
1203 2843 1261 2883 vix
1277 2842 1449 2889 meinati,
1468 2841 1775 2889 fusco-rubentes,
1795 2854 1918 2882 omncs
