2034 3329
368 170 419 210 12
848 175 1016 207 mcorrn.
1037 184 1089 193 —
1109 170 1379 204 summaer-:Are

426 262 473 303 F
498 259 872 314 viridi-glaucescens‚
893 255 1060 296 foliorum
1081 255 1279 306 segmentis
1299 250 1642 305 tripartito-trifidis,
1668 249 1807 291 laciniis
1836 250 1917 291 sub-

471 325 675 367 divaricatis
691 326 844 376 anguste
865 319 1173 360 lineari-cuneatis
1194 316 1468 363 obtusiusculis,
1491 317 1644 355 racemis
1655 315 1798 355 demum
1827 315 1917 355 folia

471 385 740 439 superantibus,
739 353 942 435 opedioellis
958 378 1299 431 erecto-patentibus
1311 378 1546 429 recurvisque
1562 376 1707 416 bractea
1723 375 1873 415 lineari
1866 388 1916 414 in-

474 447 669 499 tegerrima
689 444 794 496 duplo
815 441 1053 494 longioribus,
1076 439 1208 492 sepalis
1228 440 1340 478 ovatis
1357 452 1375 477 a
1396 439 1470 478 basi
1492 438 1563 477 adt
1554 440 1688 490 apicem
1708 445 1813 479 acute
1833 440 1917 479 den-

421 509 423 511 ’
473 512 556 551 tatis
578 522 640 550 coi
642 508 710 550 olla
727 506 912 547 latioribus
933 505 994 545 illa
1013 503 1120 557 duplo
1141 503 1382 549 brevioribus,
1404 503 1584 542 fructibus
1611 502 1839 553 subglobosis
1860 504 1917 542 vel

473 579 679 612 transverse
703 568 889 610 latioribus
909 567 1049 608 obtusis
1070 565 1250 605 retusisve
1273 565 1439 616 utrinque
1462 565 1646 604 foveolatis
1667 563 1831 605 obsolete
1853 578 1916 605 ru-

425 633 626 735 Ιεξὲἐιὲἱῗῗι.
647 697 742 733 cent.
760 691 821 732 14.
840 693 869 742 f.
889 688 999 728 4443
1006 686 1260 740 ‚optima—F
1275 686 1405 737 major,
1412 685 1561 726 floribus
1574 685 1685 725 dilute
1701 688 1909 754 purpureis

480 755 592 795 Vaill.
607 755 677 794 bot.
695 754 818 806 pan's.
838 757 865 790 t.
887 749 948 790 10
965 751 999 801 f.
1022 751 1056 789 1
1076 761 1096 788 a
1110 747 1209 788 Lois.
1230 748 1364 794 citata,
1383 748 1446 787 sed
1463 753 1607 787 nostiae
1625 748 1771 787 mininie
1789 760 1917 788 convc-

475 820 579 859 niens
596 818 640 859 ob
660 819 768 858 flores
789 816 957 866 majoreS‚
984 819 1020 854 et
1034 813 1210 853 habitum.

424 883 465 922 ln
487 881 593 922 cultis
614 895 623 928 ;
650 879 920 922 Casamieciola
950 879 1048 918 nelle
1064 879 1186 929 vique,
1212 875 1329 918 Lacco
1351 878 1387 917 ul
1418 876 1544 916 Monte
1571 876 1657 919 Vico
1677 890 1804 929 presso
1835 879 1912 918 alla

469 948 636 982 cass-etta.

419 1006 553 1059 Aprili,
578 1006 699 1046 Junio.
726 1007 776 1056 O

422 1069 555 1111 Cautes
570 1069 740 1123 graciles,
763 1068 935 1121 elongati:
953 1069 1135 1119 foliorum
1153 1065 1300 1107 laciniae
1316 1067 1376 1106 vix
1397 1066 1459 1107 lin.
1480 1066 1587 1113 latae,
1613 1068 1765 1106 invicem
1783 1067 1918 1106 distan-

471 1140 543 1182 tes,
566 1135 663 1187 quod
683 1134 829 1173 minime
851 1133 886 1172 in
903 1132 1140 1185 praecedente
1162 1162 1171 1179 ,
1189 1135 1231 1171 ut
1253 1132 1288 1170 in
1309 1131 1409 1171 icone
1440 1129 1570 1170 Reich.
1594 1131 1725 1183 optime
1747 1129 1916 1170 exhiben-

472 1200 549 1243 tur,
573 1201 608 1236 et
628 1196 681 1236 uti
702 1195 737 1234 in
758 1193 890 1247 plantis
911 1192 1050 1246 gallicis
1071 1192 1186 1233 video:
1202 1190 1701 1244 pedunculz‘Q-3-pollicares
1718 1191 1753 1229 in
1774 1191 1911 1237 fructu,

475 1258 543 1298 sub
564 1258 705 1299 anthesi
724 1259 782 1298 vix
802 1257 967 1310 pollicem
989 1255 1103 1308 longi:
1128 1255 1305 1308 pedieelli
1329 1254 1398 1294 1-3
1419 1254 1484 1294 lin.
1510 1254 1624 1307 longi,
1647 1254 1744 1306 apice
1761 1255 1912 1295 crassio-

472 1330 549 1366 res,
573 1324 898 1371 erecto—patentes,
913 1317 1100 1370 aliquando
1117 1317 1261 1356 demum
1281 1318 1436 1362 recurvi,
1460 1317 1617 1356 bracteis
1633 1315 1912 1368 persistentibus

473 1383 589 1423 acutis
611 1382 736 1423 albidis
758 1382 1028 1435 angustissimis
1050 1380 1159 1434 duplo
1180 1379 1362 1433 longiores
1381 1394 1389 1420 :
1422 1382 1531 1432 flores
1552 1379 1683 1432 pallide
1704 1379 1801 1419 rosei
1823 1409 1832 1425 ‚
1863 1384 1916 1419 te-

474 1456 576 1490 nues,
605 1445 657 1484 uti
679 1446 714 1484 in
738 1444 785 1483 F.
809 1444 989 1483 serotina:
1013 1444 1143 1495 sepala
1163 1442 1466 1487 albida-scariosa,
1494 1443 1563 1482 cito
1584 1441 1732 1481 decidua
1752 1454 1760 1480 :
1786 1441 1912 1480 calcar

473 1505 517 1543 ad
534 1504 665 1545 collum
687 1505 747 1545 vix
769 1505 1015 1545 constrictum:
1038 1506 1182 1556 fructus
1203 1504 1427 1544 antecedenti
1449 1504 1525 1543 scre
1547 1501 1684 1542 similes
1704 1515 1713 1548 ;
1739 1514 1819 1541 cum
1842 1514 1912 1553 qua

472 1570 589 1604 tamen
603 1578 622 1604 a
642 1565 826 1617 plerisque
848 1566 1027 1605 immerito
1048 1566 1237 1612 associata,
1257 1577 1322 1604 nec
1340 1576 1421 1603 cum
1443 1563 1488 1602 F.
1507 1562 1732 1615 (iasparrz'm
1746 1562 1907 1614 Babiyn.

471 1627 602 1666 notatis
623 1626 888 1666 characteribus
906 1626 1169 1673 confundenda,
1185 1638 1265 1665 nam
1283 1624 1634 1677 bracteaepcdicello
1651 1636 1794 1676 semper
1804 1623 1911 1677 duplo

471 1686 674 1735 breviores,
698 1693 733 1728 et
755 1688 896 1728 fructus
919 1687 1024 1727 alieni
1046 1693 1145 1728 sunt.

361 1745 399 1783 4.
428 1744 474 1785 F.
501 1748 678 1788 JORDANI.
705 1747 809 1788 Guss.
831 1771 879 1777 —
902 1748 947 1787 F.
974 1748 1161 1789 Gussouii.
1186 1747 1292 1788 Jord.
1317 1761 1406 1800 puy.
1429 1749 1485 1800 pt.
1506 1761 1590 1787 nov.
1606 1748 1692 1799 pc,
1720 1760 1763 1786 ex
1781 1746 1913 1799 plantis

470 1808 658 1848 exsiccatis
679 1810 686 1846 ἱ
711 1838 719 1855 ,
744 1820 812 1848 non
829 1807 990 1856 Boiss.!,
1013 1809 1126 1861 quoad
1142 1808 1282 1862 planam
1299 1808 1473 1855 siculam,
1501 1822 1590 1860 quae
1620 1809 1663 1847 ad
1693 1814 1904 1860 sequentem

468 1873 605 1920 spectat
619 1892 673 1897 —
697 1868 742 1908 F.
767 1870 893 1921 maJ'or.
918 1869 1009 1909 Ten.
1031 1869 1176 1921 (Viae.)
1193 1868 1295 1909 Bull.
1315 1867 1491 1909 dell'Acc.
1511 1871 1609 1920 deyli
1626 1869 1717 1922 Asp.
1738 1876 1815 1910 nat.
1844 1883 1908 1909 αιι.

471 1934 507 1969 1.
525 1945 569 1982 p.
591 1932 660 1979 24,
686 1932 799 1984 quoad
818 1933 971 1985 plantam
992 1946 1101 1986 prope
1128 1933 1315 1986 Neapolim
1335 1935 1619 1986 provenientem.

415 1990 460 2030 F.
485 1992 859 2044 viridi-glaucescens,
883 1994 1050 2033 foliorum
1081 1994 1217 2034 laciniis
1247 1994 1362 2046 planis
1392 1993 1730 2046 oblongo-cuneatis
1748 1995 1910 2035 obtusiu-

466 2055 593 2103 sculis,
617 2058 768 2096 racemis
789 2056 997 2097 laxiusculis
1017 2058 1157 2097 denium
1175 2059 1258 2098 solia
1275 2059 1545 2111 superantibus,
1564 2059 1749 2111 pedicellis
1770 2067 1910 2100 erecto-

465 2119 596 2171 patulis
617 2121 698 2172 (non
720 2122 882 2174 reflexis)
903 2122 1065 2162 bracteas
1087 2123 1257 2175 oblongas
1275 2123 1429 2162 lineares
1450 2130 1573 2163 acutas
1595 2123 1825 2175 subintegras
1843 2125 1910 2164 du-

464 2183 522 2234 plo
543 2185 816 2233 excedentibus,
836 2186 965 2238 sepalis
988 2187 1163 2239 (parvis)
1185 2188 1514 2227 orbiculato-ovatis
1536 2200 1554 2226 a
1576 2187 1651 2226 basi
1673 2187 1714 2226 ad
1747 2188 1903 2227 inedium

471 2247 721 2299 irregulariter
737 2249 963 2289 denticulatis
980 2250 1116 2290 corolla
1134 2251 1472 2303 subaugustioribus
1484 2250 1756 2303 eaque3--i-plo
1769 2251 1912 2291 brevio-

468 2307 569 2347 ribus
591 2309 754 2359 (tloribus
777 2312 894 2350 roseis
909 2312 1008 2363 apice
1030 2311 1248 2363 maculatis),
1271 2312 1448 2352 fructibus
1467 2312 1626 2364 globosis
1645 2313 1799 2352 obtusis!
1822 2315 1907 2363 (nou

467 2370 668 2422 apiculatis,
682 2373 950 2425 subrugulosis.

420 2432 460 2472 Ιιι
485 2441 608 2473 nostru
630 2442 654 2473 t.
682 2448 724 2474 11.
747 2440 776 2488 s.
800 2440 832 2477 ’1.
858 2452 893 2477 a.
919 2438 950 2477 b.
977 2454 1008 2478 c.

423 2497 465 2535 ln
488 2497 653 2538 herbosis
670 2500 1032 2554 cultis,p1‘1esertim
1052 2503 1281 2543 humentibus
1305 2504 1391 2544 nihil
1414 2506 1653 2545 communius.

422 2560 629 2602 Novembri.
659 2564 768 2615 Majo.
795 2568 846 2615 Θ

419 2622 571 2661 Centies
565 2637 599 2662 in
617 2625 720 2665 nudis
737 2627 873 2674 diffusi,
893 2628 955 2667 sed
973 2606 1041 2668 sub
1059 2630 1286 2669 ssoiesccutia
1303 2643 1387 2670 sur1
1394 2631 1478 2678 ceti
1491 2632 1523 2670 in
1541 2631 1796 2672 herbosiscict·
1804 2633 1841 2677 ti,
1855 2639 1907 2671 sat

468 2698 548 2725 iare
565 2688 708 2738 petiolis
727 2702 761 2728 sc
767 2691 939 2730 andentcs
949 2692 1028 2744 ‚122
1032 2692 1256 2744 -2-1wdales,
1262 2700 1363 2733 acute
1381 2695 1486 2747 angul
1492 2701 1566 2734 ato·
1570 2694 1713 2741 sulcati,
1720 2695 1792 2733 basi
1807 2708 1911 2746 saepe

472 2761 538 2789 una
553 2762 632 2791 cum
649 2752 744 2793 foliis
763 2755 993 2796 inferioribus
1012 2757 1196 2797 iubentes.
1211 2759 1345 2809 petioli
1365 2772 1464 2812 supit
1455 2772 1471 2798 a
1490 2760 1668 2812 exquisite
1681 2758 1823 2801 sulcati
1829 2759 1895 2798 «uh
