1982 3334
643 205 814 237 mecm.
828 216 882 224 -—
896 204 1134 236 GENTIANEAE
1570 190 1647 231 209

200 299 303 338 ricati
322 310 331 337 ε
353 297 462 349 flores
483 295 682 337 laxiuscule
702 295 912 348 corymbosi,
938 295 1050 341 rosei,
1068 295 1143 334 fere
1159 304 1282 334 omnes
1304 292 1468 339 sessiles‚
1492 302 1572 331 nam
1589 302 1646 330 ra-

200 372 240 400 ro
260 359 376 400 alares
391 359 641 413 pedunculati:
665 360 799 410 calyces
816 358 961 398 laciniae
981 357 1066 397 tubo
1086 356 1238 398 corollae
1258 356 1469 408 adpressac‚
1487 354 1548 394 illo
1568 355 1646 393 fere

199 423 306 476 duplo
326 424 509 464 breviores
529 437 536 462 :
560 422 723 464 corollae
742 421 812 461 lobi
833 420 1149 473 oblongo-clliptici
1171 450 1180 466 ‚
1202 418 1319 459 obtusi
1354 431 1395 458 ac
1430 417 1608 458 rotundati
1629 448 1638 463 ,

204 485 272 524 sub
292 484 430 524 anthcsi
450 482 721 523 horizontaliter
740 486 905 533 patentes
926 493 934 520 :
959 481 1134 520 antherae
1156 480 1274 519 luteae
1296 510 1304 526 ,
1327 484 1469 518 exertae
1495 492 1502 517 :
1536 478 1647 529 stylus

201 548 300 600 apice
321 547 460 592 bifidus,
484 547 651 586 cruribus
673 544 940 585 crassiusculis:
964 546 1135 595 stigmata
1153 541 1443 594 globoso-ovalia,
1462 540 1544 592 styli
1565 553 1649 580 cru-

206 611 257 650 ris
277 610 396 663 paullo
417 610 580 650 breviora
599 632 647 639 -
666 609 759 650 Cum
779 608 1012 661 praecedente
1033 606 1123 646 male
1144 606 1291 646 confusa
1309 619 1318 651 ;
1342 611 1460 645 tamen
1482 617 1500 644 a
1520 605 1652 643 deseri-

205 671 324 722 ptione
344 669 391 709 E.
414 670 622 722 pulchellae
640 668 740 709 Koch
760 682 839 720 syn.
859 668 916 707 ed.
939 667 978 706 2.
1000 680 1042 719 p.
1066 665 1143 706 567
1163 665 1298 706 recedit
1321 696 1329 710 ,
1366 664 1513 704 {loribus
1552 663 1654 703 alari-

206 731 274 771 bus
302 731 377 770 scre
399 743 540 783 semper
562 728 752 770 scssilibus
772 761 779 774 ,
807 728 959 769 corollae
982 727 1118 767 laciniis
1139 726 1275 767 obtusis
1296 738 1363 767 non
1383 726 1496 765 acutis
1516 738 1524 769 ;
1549 723 1652 763 caule

209 794 244 830 in
267 803 382 832 ramos
403 796 564 844 patentes
586 802 655 831 non
676 790 801 829 diviso.

743 925 824 958 337.
842 922 900 956 CH
907 922 1038 958 LORA.

530 1043 613 1085 Lin.
638 1058 722 1096 qen.
745 1044 802 1096 pl.
827 1044 882 1083 ed.
907 1041 1056 1084 Schreb.
1081 1057 1119 1082 h.
1145 1040 1235 1083 653.

107 1178 143 1216 ‘l.
170 1176 214 1218 C.
239 1189 484 1218 mrenmeom.
509 1176 601 1217 Ten.
625 1178 664 1229 sl.
684 1190 774 1230 nep.
794 1177 832 1216 A.
855 1191 897 1230 p.
919 1177 992 1218 173
1011 1199 1064 1206 --
1081 1176 1125 1218 C.
1150 1174 1348 1228 pertoliata,
1370 1175 1402 1213 b.
1429 1174 1653 1213 aemninata.

213 1237 353 1278 Griscb.
377 1239 420 1277 in
440 1237 528 1277 Dee.
551 1250 614 1289 pr.
637 1237 675 1277 9.
696 1250 739 1288 p.
765 1236 829 1277 69.

171 1301 215 1341 C.
240 1299 492 1352 glaucescens,
511 1300 606 1340 foliis
627 1300 777 1340 caulinis
797 1300 909 1340 ovatis
928 1298 1126 1352 persoliatis
1148 1329 1157 1345 ,
1188 1297 1307 1349 calyce
1337 1297 1381 1337 ad
1409 1296 1521 1336 basim
1542 1307 1661 1347 usque

217 1363 405 1416 8-partito‚
429 1363 566 1404 laciniis
588 1364 842 1415 angustissime
864 1363 1058 1403 linearibus
1079 1362 1246 1402 carinatis
1268 1360 1343 1400 basi
1364 1360 1513 1399 invicem
1539 1369 1658 1397 remo-

219 1426 283 1473 tis,
305 1426 459 1466 corollae
482 1426 572 1467 lobis
593 1427 754 1480 oblongis
777 1427 930 1473 obtusis,
955 1426 1047 1477 stylo
1068 1425 1192 1465 bifido.

171 1488 224 1528 Ic..
251 1489 487 1530 Centaurium
507 1489 662 1536 luteum,
684 1489 928 1542 perfoliatum,
953 1489 1100 1542 Aphace
1121 1488 1233 1534 foliis,
1261 1487 1441 1539 ramisque
1462 1490 1497 1524 et
1517 1481 1666 1524 floribus

220 1549 432 1590 minoribus.
459 1548 554 1602 Cup.
577 1552 721 1603 pahph.
749 1553 783 1590 1.
808 1556 834 1589 t.
863 1551 950 1590 124.

172 1613 229 1653 Ad
250 1625 375 1666 rupeS‚
399 1618 435 1653 et
455 1614 496 1653 ad
517 1626 639 1654 muros
660 1615 695 1654 in
715 1614 911 1660 umbrosi&
934 1612 1148 1666 praesertim
1168 1610 1412 1652 humentibus.

172 1676 354 1728 Augusto,
383 1676 604 1730 Septembri.
630 1680 680 1727 (D

167 1736 335 1778 Corollae
356 1737 426 1777 lobi
446 1738 668 1784 denticulati,
698 1737 885 1790 aliquando
906 1736 1120 1777 acutiusculi
1140 1767 1148 1783 ‚
1178 1741 1239 1776 aut
1257 1737 1316 1775 vix
1344 1732 1555 1785 emarginati
1578 1763 1585 1778 ,
1609 1743 1671 1784 pa-

225 1807 359 1841 tentes:
377 1802 488 1854 stylus
509 1801 643 1849 luteus;
660 1802 889 1854 stigmatibus
910 1802 1104 1854 bipartitis,
1116 1796 1664 1853 globoso-didymis‚granulatis,

228 1861 358 1901 luteis:
381 1864 554 1915 capsulae
574 1867 711 1909 ovatae,
734 1861 790 1902 vel
811 1861 1062 1914 subglobosac.

125 1924 163 1964 2.
189 1924 234 1966 C.
258 1936 454 1966 SEROTINA.
478 1924 582 1966 Koeh
601 1939 680 1978 syn.
705 1926 761 1965 ed.
788 1927 822 1965 1.
844 1939 886 1978 p.
911 1924 988 1964 485
1005 1955 1013 1971 ,
1032 1930 1067 1964 ct
1086 1924 1125 1964 2.
1143 1937 1184 1975 p.
1200 1922 1276 1962 558
1291 1945 1345 1951 —-
1364 1920 1611 1971 Teozsflamp.
1627 1917 1666 1956 ἆ.

228 2001 270 2040 p.
292 1988 434 2027 172—
451 1988 494 2029 C.
518 1989 726 2041 pci‘foliata,
750 2003 781 2029 c.
800 1989 1029 2040 sessilifcha.
1056 1986 1195 2026 Griseb.
1215 1987 1257 2025 in
1280 1984 1364 2024 Dec.
1388 1997 1444 2035 pr.
1469 1983 1505 2022 9.
1527 1996 1568 2034 p.
1604 1980 1671 2020 69.

184 2051 228 2092 C.
255 2049 505 2102 glaucesccns,
520 2052 613 2092 foliis
633 2052 784 2092 caulinis
806 2053 917 2094 ovatis
934 2051 1132 2104 pertoliatis
1155 2050 1314 2101 lobisquc
1336 2047 1487 2088 corollae
1515 2045 1672 2085 ovatihus

234 2115 364 2161 acutis,
388 2114 505 2166 calyce
522 2115 707 2168 8—partito,
731 2116 869 2156 laciniis
891 2114 1243 2155 lineari-lanceolatis
1277 2113 1352 2151 basi
1379 2110 1562 2150 latioribus
1587 2109 1671 2147 invi-

233 2187 383 2228 cemque
404 2177 653 2229 approximatis
675 2177 888 2217 connexisvc
909 2176 1043 2216 corolla
1065 2174 1239 2227 subduplo
1260 2171 1499 2216 brevioribus,
1518 2169 1608 2220 stylo
1627 2169 1678 2208 bin

238 2238 322 2279 fido.

188 2299 240 2341 Ic.
259 2299 388 2341 Reich.
415 2306 509 2341 cent.
528 2301 565 2340 5.
587 2303 615 2353 f.
639 2301 731 2349 351,
757 2302 819 2341 sed
840 2303 1004 2353 stigmata
1029 2298 1428 2352 emarginato-bifida*
1445 2296 1680 2338 Centaurium

241 2365 360 2404 minus
376 2395 385 2410 ‚
406 2364 649 2417 perfoliatum.
674 2365 787 2406 Barr.
811 2368 860 2406 z‘c.
884 2365 973 2405 515.
993 2367 1021 2417 f.
1046 2364 1136 2404 516.

179 2425 212 2464 b.
237 2425 477 2464 inarimensz‘s
497 2438 505 2471 ;
528 2424 623 2465 foliis
644 2432 680 2466 et
700 2426 854 2466 corollae
876 2426 1077 2478 grandioris
1098 2424 1189 2464 lobis
1208 2423 1360 2463 obtusis.

177 2489 218 2528 In
239 2487 470 2528 humentibus
490 2501 499 2533 ;
523 2489 649 2541 Bagmo
666 2503 795 2542 presso
816 2492 853 2529 ul
874 2491 973 2541 layo,
999 2488 1141 2541 Campa
1149 2501 1271 2539 ynano
1289 2487 1325 2525 ab
1345 2484 1483 2530 Monte,
1511 2482 1648 2522 Romi-o
1667 2495 1678 2526 ;

228 2563 304 2591 var.
324 2551 357 2590 b.
378 2551 417 2590 αἱ
433 2550 474 2590 M
478 2554 618 2600 aranti,
638 2554 680 2592 ed
700 2554 776 2593 alla
793 2559 911 2607 punta
933 2554 970 2593 dt
991 2551 1033 2592 S.
1053 2552 1208 2604 Αηῃεῖο.

183 2613 297 2665 Majo,
325 2614 445 2654 Junio.
471 2616 521 2664 O

176 2676 299 2729 stylus
320 2682 356 2717 et
374 2678 523 2730 stiyma,
536 2683 576 2719 ut
592 2679 626 2718 in
648 2680 900 2732 praecedente,
918 2693 937 2721 a
952 2692 1021 2733 qua
1037 2678 1164 2731 calycis
1181 2678 1386 2718 laciniarum
1402 2674 1607 2715 charactere
1623 2684 1683 2724 pe-

231 2741 327 2780 nitus
348 2739 488 2780 diversa
508 2754 516 2780 τ
540 2742 692 2782 varietas
713 2743 745 2781 b.
770 2744 813 2782 ad
835 2743 1037 2785 asiaticam
1057 2742 1143 2783 Tin.
1168 2741 1318 2788 accedit,
1338 2740 1399 2780 sed
1415 2739 1457 2778 ab
1478 2750 1520 2778 ca
1540 2737 1682 2776 differre

231 2803 371 2844 videtur
391 2805 519 2845 notatis
539 2804 817 2847 characteribus.

1489 2917 1539 2956 ’Ξῖ
