2034 3329
368 164 422 188 nv
997 153 1268 187 PRAEFATIO

423 245 466 288 Si
490 245 660 287 interim
692 244 742 287 ad
764 243 1107 286 distributionem
1141 241 1376 293 plantarum
1406 238 1526 290 hujus
1551 238 1708 282 insulae
1730 241 1919 282 animum

363 313 716 360 intendamus‚vix
735 312 834 353 duas
853 311 1069 352 distinctas
1089 308 1362 361 vegetationis
1383 308 1577 360 regiones
1599 309 1807 361 assignare
1827 320 1923 362 pos·

363 392 521 427 sumuS,
547 381 708 421 scilicet
729 378 858 432 Reqio
877 379 1059 423 Litorea,
1081 377 1362 427 complectens
1381 387 1516 426 rupes,
1536 375 1601 417 vel
1620 376 1817 428 planities
1835 389 1923 418 ma-

362 447 400 488 ri
423 448 905 501 contiguas‚saepiusque
932 445 1074 485 sabulo
1095 443 1339 495 seldspatico
1362 443 1670 496 refertas,quae
1693 455 1770 495 per
1793 445 1919 496 pedes

361 515 526 555 circiter
543 515 629 555 200
647 527 768 567 supra
791 526 901 554 mare
919 513 1118 559 elevatur,
1144 523 1190 552 ac
1209 523 1282 563 per
1299 523 1437 563 passus
1461 511 1631 553 circiter
1651 511 1764 552 1000
1783 512 1834 552 ad
1854 513 1921 553 in-

361 582 510 623 teriora
534 583 618 623 loca
637 582 915 635 protenditur.
950 581 998 621 In
1023 581 1192 632 regione
1221 579 1302 619 ista
1324 577 1570 630 Gossypium
1591 581 1794 621 sianiense
1815 580 1849 620 T
1847 593 1913 620 en.

360 653 517 705 optime
540 655 719 705 vegetat,
744 652 968 692 nonnullae
994 649 1181 691 Persicae
1216 651 1399 701 vulqaris
1436 655 1506 692 aut
1531 649 1664 691 Pruni
1696 650 1921 691 Armenia-

360 730 430 758 cae
452 717 699 765 varietates,
737 728 783 758 ac
818 716 922 758 Citri
943 716 1102 767 species
1139 715 1273 757 variae
1299 715 1526 762 coluntur,
1559 716 1770 769 ipsiusque
1806 716 1918 755 limi-

361 787 422 824 tes
439 781 672 833 superiores
705 781 755 820 ab
798 779 948 821 Erodio
992 779 1122 827 Chio,
1181 779 1420 831 Triyonella
1442 782 1721 829 corniculata,
1759 780 1920 822 Melilo-

359 856 402 890 to
430 849 670 902 parvillora‚
711 848 882 901 Trifolio
906 849 1126 901 suffocato,
1160 846 1268 888 Atlio
1292 854 1553 896 commutato,
1579 850 1721 891 ciliaco
1755 854 1798 890 et
1843 849 1921 889 tri-

358 917 528 969 foliato,
564 916 816 970 Medicaqine
848 918 1048 963 obscura,
1084 915 1306 957 Artemisia
1337 917 1613 957 arborescente
1633 947 1645 964 ‚
1680 916 1825 957 Avena
1848 929 1919 957 ne-

357 984 514 1034 glecta,
556 982 764 1022 Arenaria
809 982 1093 1033 procumbente
1123 1011 1134 1028 ,
1183 980 1417 1022 Centaurea
1448 980 1682 1032 Calcitrapa
1708 1011 1719 1029 ,
1762 980 1919 1032 cypero

359 1059 487 1087 aureo
507 1077 517 1093 ,
545 1045 720 1098 Daphne
746 1045 895 1088 Gnidio
913 1078 922 1094 ,
948 1046 1177 1087 I’asserina
1193 1046 1372 1093 hirsuta,
1396 1046 1515 1095 Lycio
1539 1058 1732 1098 europeo,
1766 1052 1808 1087 et
1842 1046 1918 1086 Va-

358 1112 490 1154 lanlia
518 1112 673 1151 murali
708 1112 992 1164 designantur.
1044 1110 1152 1150 Huic
1196 1109 1456 1163 subsequitur
1499 1108 1625 1162 Reqio
1652 1110 1832 1160 Collina,
1871 1111 1914 1151 in

359 1179 475 1230 cujus
497 1177 657 1220 ambitu
681 1180 804 1221 valles
829 1180 908 1221 late
933 1181 1120 1232 patentes
1142 1178 1248 1218 inter
1270 1178 1394 1219 colles
1415 1178 1616 1220 demissos
1639 1182 1681 1220 et
1702 1183 1919 1220 montuosa

357 1246 447 1286 loca
467 1247 704 1292 occurrunt;
726 1245 767 1284 in
791 1257 871 1298 qua
892 1245 1062 1297 regione
1076 1242 1214 1283 Pruni
1239 1242 1573 1290 Cerasi,aeerbae
1596 1256 1641 1285 ac
1659 1245 1915 1289 domesticae,

357 1312 544 1353 Persicae
566 1313 748 1363 vulqaris
765 1325 814 1354 ac
835 1311 938 1363 Pyri
959 1312 1058 1352 mali
1083 1312 1320 1360 varietates,
1341 1316 1382 1353 et
1402 1312 1553 1353 Sor-bas
1570 1313 1805 1359 domestica,
1829 1312 1916 1353 Me·

357 1379 488 1430 spitus
510 1379 756 1429 qermanica‚
774 1378 998 1431 Crataequs
1012 1376 1218 1418 Azarolus
1236 1380 1278 1418 et
1295 1389 1543 1429 mmwyyna,
1569 1377 1757 1429 Cydonia
1775 1378 1920 1430 vulqu-

356 1446 432 1493 ris‚
449 1445 663 1486 Fraxinus
690 1445 854 1495 Ornus,
884 1445 1035 1495 Ostrya
1058 1446 1253 1497 calcaris,
1284 1443 1455 1496 Corylas
1480 1445 1681 1487 Avellana
1709 1475 1720 1493 ,
1747 1445 1919 1487 Colutea

357 1512 641 1560 efflorescens,
680 1513 820 1554 Ulmus
849 1513 1059 1560 suberosa,
1096 1513 1199 1554 Acer
1229 1522 1449 1566 campestre
1476 1544 1486 1561 ‚
1516 1512 1724 1565 Carpinus
1740 1515 1920 1555 duinen-

357 1578 428 1623 sis,
456 1576 661 1618 Castanea
682 1590 799 1618 vesca
821 1579 1028 1625 coluntur,
1057 1584 1126 1619 aut
1148 1583 1295 1630 sponte
1318 1579 1452 1620 virent
1468 1583 1510 1620 et
1526 1579 1688 1631 optime
1703 1582 1912 1624 crescunt;

358 1645 417 1685 ita
454 1648 498 1685 ut
521 1643 643 1694 hujus
666 1645 911 1696 posterioris
933 1646 1088 1698 speciei
1112 1645 1284 1688 arbores
1318 1647 1519 1700 longer-ae
1555 1647 1775 1687 nonnullae
1797 1658 1919 1697 supra

360 1713 654 1754 Casamicciola
681 1716 770 1756 loco
794 1716 908 1757 dicto
929 1716 1114 1758 Ciolaria
1136 1719 1269 1759 adhuc
1292 1722 1530 1769 vegetantes
1552 1722 1743 1759 truncum
1763 1717 1921 1757 diame-

356 1781 411 1821 tri
431 1783 682 1834 octopedalis
701 1784 870 1825 liabent.
896 1785 940 1825 in
964 1785 1038 1826 hac
1056 1787 1226 1838 regione
1246 1787 1418 1838 insuper
1437 1798 1457 1825 a
1480 1787 1751 1837 praecedente
1773 1796 1918 1825 ascen-

356 1850 461 1891 dunt
483 1850 737 1899 Calycotome
756 1853 916 1900 villosa,
938 1852 1136 1894 Erodium
1165 1854 1326 1906 Botrys,
1369 1853 1622 1904 Ornithopus
1646 1854 1913 1896 ‹eracleam-s,

358 1917 564 1968 Imperata
586 1921 810 1968 cylindrica
831 1953 841 1968 ,
877 1921 1052 1963 Linaria
1084 1924 1273 1965 cirrhosa
1299 1954 1309 1971 ‚
1362 1923 1554 1963 l'eronica
1576 1928 1766 1967 cuneata.
1803 1920 1917 1961 Vites:

354 1985 496 2037 Aqnus
519 1993 654 2027 castus
682 2019 690 2034 ,
716 1988 933 2040 Aplenium
955 1991 1170 2032 obocatum
1196 2025 1205 2040 ,
1237 1992 1390 2033 Allium
1410 1991 1718 2039 Chamaemoly,
1751 1994 1786 2029 et
1808 2000 1917 2030 com-

354 2058 570 2102 mutatum,
599 2057 835 2099 Lai-andala
854 2057 1059 2106 stoechas,
1091 2060 1283 2114 interque
1321 2060 1483 2114 plantas
1525 2059 1655 2099 cultas
1691 2057 1915 2100 Ceratonia

356 2116 532 2170 siliqua,
558 2119 697 2162 Citrus
714 2121 985 2171 Aurantinm,
1001 2128 1040 2164 et
1058 2124 1107 2166 C.
1128 2125 1272 2166 Limon
1291 2126 1528 2168 Calabrum.
1549 2122 1785 2169 Caeterum,
1801 2121 1834 2162 si
1854 2123 1920 2161 cui

357 2186 399 2225 id
434 2187 563 2239 magis
595 2189 769 2237 arridet,
789 2191 920 2243 Regio
945 2192 1024 2232 ista
1069 2193 1108 2232 in
1128 2193 1224 2234 duas
1244 2195 1502 2247 subreqiones
1535 2190 1749 2232 commode
1768 2190 1918 2231 distin—

359 2253 429 2305 gui
463 2258 600 2305 potest
623 2268 633 2302 ;
674 2257 782 2298 idest
825 2257 953 2312 Reqio
979 2258 1140 2301 Collina
1164 2263 1356 2314 inferior.
1383 2272 1486 2314 quae
1508 2272 1528 2300 a
1555 2259 1726 2311 pedibus
1758 2256 1845 2298 200
1868 2258 1919 2298 ad

361 2317 481 2369 pedes
507 2318 619 2359 1100
667 2321 714 2361 ad
742 2324 966 2370 orientem,
986 2328 1028 2364 et
1049 2325 1098 2364 ad
1122 2328 1247 2376 peiles
1271 2326 1384 2367 1085
1403 2326 1450 2365 ad
1475 2335 1670 2365 occasum
1697 2335 1817 2375 supra
1832 2335 1922 2364 ma-

360 2395 405 2424 re
432 2387 704 2436 protrahitur,
740 2390 856 2442 cujus
891 2391 1043 2433 limites
1073 2395 1309 2444 superiores
1342 2393 1523 2434 Pislacia
1545 2391 1757 2431 Lentiscus
1781 2391 1822 2430 in
1840 2389 1922 2442 pri-

360 2450 438 2491 mis
461 2482 471 2498 ,
509 2452 644 2495 Cislus
668 2459 993 2509 monspeliensis,
1030 2459 1361 2503 Heliautliemum
1399 2462 1575 2513 sumana
1609 2463 1650 2499 et
1675 2458 1918 2502 Tuberaria,

358 2516 499 2559 Malva
514 2521 735 2571 nicaensis,
757 2536 806 2565 ac
827 2527 1073 2580 parvillora,
1099 2529 1324 2571 Biserrula
1363 2529 1572 2570 Pelecinus
1601 2526 1818 2578 designant
1843 2537 1853 2571 ;
1879 2527 1922 2564 et

359 2583 488 2637 Reqio
514 2587 677 2630 Collina
700 2594 892 2644 superior
914 2607 1019 2648 quae
1043 2607 1063 2636 a
1089 2598 1183 2648 ped.
1213 2598 1326 2639 1100
1370 2610 1497 2650 usque
1538 2595 1585 2636 ad
1610 2593 1736 2646 pedes
1758 2590 1874 2633 2407
1902 2623 1912 2638 ‚

364 2652 473 2694 idest
495 2655 545 2695 ad
584 2658 783 2700 verticem
804 2663 960 2702 montis
1004 2661 1181 2715 Epomei
1206 2668 1382 2720 assurgit
1409 2679 1417 2708 ;
1445 2665 1617 2717 ejusque
1653 2661 1808 2702 limites
1855 2662 1913 2700 in-

366 2719 533 2762 feriores
575 2734 657 2766 non
701 2728 970 2771 trascendunt
1010 2730 1241 2775 Cerastium
1285 2735 1469 2776 luridum
1491 2764 1500 2781 ‚
1544 2729 1786 2772 Hieracium
1824 2728 1917 2769 bra-
