1982 3334
647 200 817 230 uicerim.
832 209 885 216 —-
899 198 1128 228 conrosuuuz
1589 187 1662 224 187

211 294 505 339 nuato-dentatis,
533 298 593 333 aut
613 291 820 342 sublyratis.
842 289 929 329 Dec.
954 302 1016 341 pr.
1043 289 1077 327 7.
1100 302 1140 341 p.
1165 287 1216 328 90
1237 311 1288 316 —
1315 287 1359 326 ll.
1385 287 1542 325 minima.
1569 284 1656 334 ΟΨ.

211 356 268 407 pl.
294 368 371 394 rar.
395 367 506 406 neap.
530 355 622 405 fasc.
640 355 673 392 1.
687 365 728 405 p.
747 351 798 392 29
813 375 867 380 --
886 349 977 389 Ten.
996 351 1036 402 sl.
1052 363 1143 402 παρ.
1158 349 1249 402 5.p.
1267 348 1360 394 202,
1373 352 1406 387 ol
1419 347 1464 385 ll.
1480 345 1662 386 arachnoi-

214 419 289 457 des.
318 418 409 458 Ten.
434 419 461 456 l.
485 431 517 457 c.
535 429 576 468 p.
601 415 691 455 201.

163 478 217 518 Ic.
242 477 328 529 Cyr.
353 478 379 517 l.
404 491 436 517 c.
462 484 489 516 t.
515 476 563 516 10
582 498 631 505 —
649 475 854 514 Hieracium
876 474 1075 513 minimum.
1102 472 1271 513 Column.
1297 473 1424 523 ecphr.
1447 471 1486 511 2.
1510 476 1535 510 t.
1561 470 1624 511 27.

177 541 219 581 ln
240 541 370 593 apricis
389 540 559 580 herbosis
578 552 588 586 ;
610 551 685 579 var.
709 539 742 578 b.
767 539 801 578 in
826 537 977 578 collibus
998 538 1201 590 campisque
1223 535 1451 576 siccioribus.

164 602 306 647 Martio,
337 601 444 651 Majo.
466 603 515 650 Ε)

162 661 447 714 Quamplurimis
467 659 723 713 speciminibus
747 659 917 710 inspeetis
954 657 1005 697 H.
1044 657 1305 696 arachnoidem
1338 657 1380 696 ab
1416 655 1465 695 II.
1504 657 1659 695 minima

216 734 284 762 non
320 721 463 760 differre
484 720 570 760 mihi
593 720 706 758 visun]
727 725 794 763 est,
823 730 887 757 nec
909 718 961 758 uti
983 719 1122 770 speeies
1142 718 1308 757 diversae
1328 717 1370 756 ab
1392 716 1441 756 H.
1465 717 1594 768 glabra
1619 729 1657 755 u-

214 788 382 834 traequae
404 780 583 821 habendae
606 786 705 820 sunt.
731 779 867 820 Confer
887 778 976 818 Dec.
1000 786 1035 818 et
1056 778 1197 817 Bertol.
1222 779 1249 817 l.
1269 791 1302 818 e.

105 846 144 885 2.
170 844 214 885 H.
238 853 510 885 ΝΕΑΡοιιΤΑΝΑ.
535 840 623 881 Dec.
646 854 709 893 pr.
730 840 765 879 7.
787 853 829 892 p.
853 839 900 879 91
918 862 972 868 --
988 839 1033 877 H.
1058 838 1256 891 dimorpha.
1287 836 1378 877 Ten.
1408 838 1449 889 fl.
1484 851 1572 890 παρ.
1611 837 1649 876 5.

213 920 256 960 p.
280 907 372 952 201,
396 917 466 945 non
486 903 591 944 Broc.

162 971 207 1010 ll.
233 970 350 1010 radice
370 968 522 1022 perenni
537 967 580 1007 ad
599 966 731 1007 collum
753 965 957 1019 multiplici,
979 966 1079 1006 fibris
1100 966 1259 1012 crassis,
1278 963 1438 1005 caulibus
1460 965 1563 1005 nudis
1584 977 1660 1005 ere-

215 1034 284 1074 ctis
304 1032 651 1083 ascendentibusque
673 1030 809 1083 glabris
830 1030 1053 1083 simplicibus
1075 1028 1395 1076 1'amosisve‚foliis
1410 1028 1662 1079 oblongo-obo-

213 1097 303 1136 vatis
322 1095 631 1136 dentato-sinuatis
654 1094 822 1146 lyratisve
845 1094 997 1134 hirsutis
1027 1093 1267 1145 glabratisque
1288 1123 1297 1139 ,
1333 1091 1545 1145 pedunculis
1578 1091 1660 1130 bra-

214 1160 358 1206 ematis,
381 1159 539 1199 anthedii
559 1158 691 1198 foliolis
713 1157 873 1198 flosculis
895 1158 1002 1210 duplo
1037 1157 1264 1197 brevioribus
1285 1187 1294 1203 ,
1330 1168 1441 1208 pappo
1476 1155 1652 1195 seminum

214 1222 429 1263 centralium
450 1222 561 1274 longe
587 1222 744 1274 stipitato
765 1253 774 1269 ‚
812 1222 1063 1273 marginalium
1099 1221 1349 1274 (paucorum)
1385 1219 1533 1265 sessili,
1571 1218 1659 1258 setis

216 1284 381 1336 ejusdem
401 1284 476 1325 basi
497 1284 939 1337 arachnoideo-pluinosis.

166 1347 220 1386 lc.
235 1346 347 1388 nulla.

164 1407 220 1447 Ad
240 1408 330 1455 vias,
354 1409 390 1447 in
410 1407 562 1449 collibus
583 1407 766 1455 herbosis,
785 1414 820 1449 et
841 1410 875 1448 in
897 1407 1004 1449 cultis
1020 1408 1166 1461 ubique.

167 1471 281 1522 Majo,
306 1472 427 1512 Junio.
455 1470 500 1524 26

163 1531 281 1584 Vulgo
302 1532 624 1584 Mussoporeielli,
649 1537 685 1572 et
701 1533 793 1571 inter
813 1531 910 1571 olera
944 1531 1132 1584 aliquando
1167 1533 1202 1571 in
1239 1544 1343 1571 usum
1372 1531 1469 1569 veuit
1491 1552 1544 1558 -
1567 1529 1661 1568 Male

213 1605 295 1632 eum
316 1592 366 1632 H.
386 1594 554 1633 radicata
576 1593 666 1632 hanc
687 1593 840 1632 associat
861 1592 919 1633 Cl.
946 1592 1085 1632 Bertol.
1107 1593 1141 1632 in
1158 1595 1197 1643 fl.
1224 1593 1304 1631 ital.
1325 1591 1361 1631 8.
1386 1604 1425 1643 p.
1450 1590 1539 1635 5723,-
1557 1591 1663 1642 siqui-

213 1656 294 1696 dem
316 1657 445 1696 radicis
464 1657 593 1703 forma,
616 1662 652 1696 et
668 1656 863 1696 seminibus
884 1656 1023 1696 diversa
1043 1662 1112 1696 ost.

728 1790 807 1824 203.
828 1789 1035 1824 SERIOLA.

517 1906 601 1947 Lm.
626 1920 709 1957 ¹qen.
733 1908 782 1958 pl.
808 1908 862 1946 ed.
888 1906 1039 1946 Sehreb,
1065 1920 1103 1946 n.
1130 1906 1243 1946 1245.

112 2035 147 2075 1.
172 2034 215 2075 S.
239 2046 460 2075 AETNENffis.
485 2033 570 2074 Lin.
594 2048 652 2087 sp.
671 2036 728 2087 pl.
755 2035 921 2076 1139-
941 2034 1033 2075 Ten.
1056 2037 1097 2086 fl.
1122 2048 1207 2086 nup.
1227 2034 1265 2074 2.
1289 2047 1329 2087 p.
1359 2034 1429 2073 182
1448 2056 1501 2062 —-
1517 2031 1657 2071 Berlol.

212 2096 253 2146 sl.
279 2095 362 2134 ital.
385 2093 423 2134 8.
444 2107 486 2147 p.
510 2095 603 2135 560.

166 2155 220 2194 lc.
243 2154 374 2207 Jacqu.
400 2155 472 2195 obs.
497 2155 535 2194 4.
558 2169 599 2207 p.
623 2154 662 2195 3.
688 2160 714 2194 t.
735 2154 970 2194 79—Lam.
991 2156 1050 2194 ill.
1074 2161 1100 2194 t.
1127 2154 1217 2195 656.
1242 2157 1271 2205 f.
1296 2157 1327 2194 1.

171 2215 212 2255 ln
235 2218 357 2262 tectis,
379 2215 422 2255 ad
443 2227 582 2261 muros,
606 2221 642 2256 et
663 2216 698 2255 in
718 2216 829 2256 aridis
848 2215 1004 2256 collibus
1021 2215 1188 2269 lapidosis
1205 2215 1349 2256 incultis
1370 2215 1518 2267 passim.

164 2277 309 2323 Martio,
336 2276 448 2327 Majo.
469 2277 519 2326 O

163 2341 356 2380 Virescens
376 2353 384 2379 ε
407 2341 503 2391 folia
523 2339 689 2379 radicalia
709 2339 869 2387 obovata‚
892 2340 1062 2387 rosulata,
1079 2341 1234 2392 integra,
1258 2339 1315 2379 vel
1334 2339 1653 2379 sinuato-dentata:

220 2402 422 2454 pedunculi
443 2400 616 2453 elongati,
640 2414 708 2442 una
729 2414 810 2442 cum
830 2401 1007 2442 anthodiis
1024 2402 1135 2442 setosi
1153 2415 1161 2440 ε
1185 2403 1292 2452 flores
1315 2401 1414 2440 lutei.

722 2536 800 2568 207.
822 2532 1050 2568 THRINCIA.

402 2647 512 2690 Roth.
537 2657 608 2690 cat.
633 2652 704 2690 bot.
733 2653 765 2691 Ι.
787 2665 828 2703 p.
853 2651 970 2690 99-
987 2649 1075 2689 Dee.
1098 2663 1160 2701 pr.
1189 2650 1220 2688 7.
1243 2663 1284 2701 p.
1311 2650 1371 2688 99.

122 2769 152 2810 i.
176 2773 221 2812 Τ.
245 2783 452 2813 TUBEROSA.
476 2771 564 2813 Dee.
587 2776 626 2824 sl.
651 2777 699 2824 fr.
725 2774 763 2813 lt.
788 2788 828 2825 p.
852 2773 919 2819 52,
944 2779 978 2813 et
996 2788 1059 2826 pr.
1082 2774 1114 2813 7.
1137 2787 1178 2825 p.
1208 2773 1332 2812 100——
1355 2771 1497 2823 Tcnfl.
1516 2786 1601 2824 imp.
1617 2773 1653 2811 5

218 2846 259 2884 p.
286 2831 357 2871 187
375 2854 424 2861 —
444 2832 599 2885 Apargia
621 2833 802 2873 tuborosa.
835 2833 965 2872 Wilm.
991 2848 1046 2886 spi
1070 2835 1124 2886 pl.
1145 2834 1182 2873 3.
1207 2847 1248 2885 p.
1278 2833 1375 2872 1549
1390 2855 1444 2862 ---
1464 2833 1603 2873 Bercol.
1621 2836 1659 2882 sl,

226 2896 310 2935 ital.
337 2896 374 2936 8.
397 2910 437 2949 p.
464 2896 544 2935 4403
564 2920 612 2927 —
631 2897 837 2938 Leontodon
859 2897 1080 2938 tuberosum.
1104 2896 1188 2937 Lin.
1213 2910 1269 2950 sp.
1292 2896 1347 2949 pl.
1377 2897 1486 2936 1123.
