1982 3334
293 150 309 187 1
323 157 370 198 74
822 167 991 196 nicom..
1009 178 1063 183 ——
1078 166 1308 196 comosum:

407 273 454 299 no
475 291 485 308 ,
509 258 710 300 Gaardtola
730 257 788 299 dez
813 256 1034 299 Tcstc'tccio:
1057 270 1132 298 var.
1156 258 1189 298 b.
1213 258 1388 299 seminate:
1408 258 1446 298 dt
1465 255 1592 298 Μοηιο
1618 256 1745 303 Vetto,
1783 273 1800 298 c
1821 259 1859 298 dt

405 322 441 362 F
442 329 595 363 ontana.

352 384 471 435 Majo,
497 384 621 423 Junio.
645 385 697 434 O

351 444 484 487 Cautes
506 457 612 497 saepe
631 444 769 496 abipsa
790 444 867 484 basi
887 443 1309 485 divaricate-dichotomi:
1327 443 1423 496 folia
1448 454 1590 496 semper
1612 444 1858 491 obtusissima,

405 505 580 557 patentia,
602 509 639 544 et
659 501 785 544 latiora
805 517 908 557 qnam
930 505 964 544 in
986 505 1224 557 praecedente
1244 518 1252 544 :
1277 505 1442 556 capitula
1462 516 1534 544 non
1556 510 1680 544 exacte
1698 504 1860 556 glebosa,

400 579 532 607 versus
553 568 690 620 apicem
710 579 781 608 una
799 580 882 608 cum
903 568 1111 620 cuspidibus
1133 569 1145 620 (
1161 568 1386 621 longioribus
1408 580 1513 620 quarn
1533 568 1568 607 in
1589 568 1820 608 antecedente
1842 569 1854 619 )

407 631 531 683 glabra
550 636 587 672 et
602 631 829 673 albo-luteola
848 646 857 679 ;
878 633 1002 672 intima
1017 632 1203 685 aliquando
1220 645 1326 673 nervo
1342 637 1559 672 excurrente
1578 644 1645 671 non
1662 631 1858 684 cuspidata.

356 691 456 732 Hanc
477 705 559 732 cum
579 693 814 745 praecedente
834 705 1023 745 perperam
1044 693 1230 733 confundit
1262 692 1320 734 Cl.
1345 692 1485 732 Bertel.
1512 693 1548 731 in
1577 694 1618 744 sl.
1647 693 1730 732 ital.
1755 691 1792 731 9.
1815 705 1858 744 p.

406 753 478 793 157
489 767 501 798 ;
520 758 606 793 sunt
626 753 790 805 equidem
810 753 1075 792 diversissimae
1092 755 1120 800 !‚
1141 766 1206 792 nec
1224 766 1293 793 una
1314 754 1348 792 in
1370 752 1518 792 alteram
1540 752 1682 792 transit.

297 815 335 854 3.
364 813 411 854 F.
435 825 606 855 GALLICA.
629 813 716 853 Lin.
739 827 793 866 sp.
813 815 870 866 pt.
894 812 1191 854 1312—Berc0l.
1210 815 1251 865 sl.
1275 814 1409 854 item).
1434 827 1470 866 p.
1494 814 1584 860 163,
1603 813 1696 854 exel.
1720 813 1854 865 syn.F.

412 877 622 919 tenuil'oliae
643 877 750 918 Presl
766 901 815 908 -—
834 878 1074 930 Gnaplialium
1095 877 1281 930 gallicum.
1310 877 1402 918 Ten.
1426 880 1466 930 sl.
1491 891 1582 931 nep.
1612 878 1651 917 5.
1680 892 1723 931 p.
1755 878 1835 918 292
1858 909 1867 926 ‚

405 951 482 979 var.
507 952 543 978 α.

356 1001 403 1043 F.
427 1003 642 1044 albo-lanata
662 1034 671 1051 ,
689 1001 790 1042 caule
811 1015 942 1043 versus
963 1003 1123 1042 medium
1144 1014 1284 1043 ramoso
1306 1015 1461 1055 superne
1492 1001 1692 1042 dichoteme
1712 1033 1720 1049 ,
1758 1002 1868 1042 ramis

409 1068 605 1114 surrectis,
627 1067 722 1107 foliis
743 1066 1002 1119 angustissime
1028 1065 1226 1106 linearibus
1254 1066 1466 1106 acuminatis
1493 1066 1676 1118 adpressis
1706 1066 1867 1117 margine

409 1142 479 1170 non
501 1131 675 1171 revolutis
697 1162 705 1178 ,
729 1131 908 1184 supremis
929 1130 1199 1170 bracteantibus
1221 1129 1374 1183 capitula
1394 1128 1652 1174 excedentibus
1673 1160 1682 1176 ‚
1705 1127 1868 1168 omnibus

410 1196 523 1236 rectis
542 1227 550 1241 ,
577 1196 744 1249 capitulis
766 1195 956 1235 sessilibus
978 1195 1184 1248 paucissoris
1220 1194 1470 1235 terminalibus
1490 1200 1526 1234 et
1559 1195 1595 1234 in
1611 1192 1823 1233 dichotomia
1846 1223 1854 1238 ,

411 1259 568 1300 anthedii
588 1259 748 1310 angulati
769 1259 901 1299 foliolis
922 1259 1158 1300 acutiusculis
1180 1260 1326 1299 muticis
1355 1260 1523 1299 carinatis
1553 1256 1813 1298 araclinoideis.

363 1321 415 1360 Ie.
443 1319 568 1372 Logsia
589 1320 729 1371 gallica.
747 1319 893 1360 Cesset
915 1319 1037 1360 Germ.
1063 1321 1129 1360 etl.
1153 1322 1193 1372 sl.
1218 1320 1329 1359 Puris
1351 1326 1379 1360 t.
1402 1319 1511 1372 26.s.
1539 1316 1870 1370 E-Gnaphaliuni

411 1381 596 1434 gallicum.
622 1381 745 1421 Smith
765 1383 863 1433 enyl.
884 1382 955 1421 bot.
980 1387 1007 1421 t.
1026 1382 1146 1422 2369.

362 1443 405 1483 ln
429 1443 581 1483 collibus
602 1443 750 1496 apricis,
774 1449 811 1484 et
831 1444 866 1483 in
883 1443 991 1484 cultis
1014 1444 1176 1483 arenosis
1196 1445 1347 1496 passim.

359 1505 495 1559 Aprili,
522 1505 646 1544 Junio.
673 1507 724 1555 Θ

361 1567 492 1607 Caeles
512 1565 587 1605 basi
610 1565 803 1618 simplices,
823 1577 952 1605 versus
973 1565 1130 1605 medium
1151 1565 1260 1605 ramis
1280 1564 1404 1604 multis
1425 1564 1654 1617 pyramidatis
1671 1563 1737 1604 sub
1754 1562 1874 1603 dicho-

415 1630 524 1670 temia
544 1630 730 1676 instructi,
755 1628 1073 1682 5-12-pollicares:
1096 1630 1192 1681 folia
1214 1634 1327 1675 reeta,
1353 1640 1421 1668 non
1443 1640 1610 1668 recurva.

306 1696 345 1734 4,
375 1693 421 1735 1⁴².
440 1705 677 1734 TENUIFOLIA.
701 1692 807 1731 Prest
828 1694 897 1732 del.
923 1705 1033 1745 prag.
1054 1706 1096 1745 p.
1124 1692 1193 1732 101
1215 1715 1261 1722 —
1282 1691 1385 1731 Gnss.
1410 1705 1490 1743 syn.
1514 1691 1612 1745 221.
1633 1690 1877 1731 aee—Fila-

421 1770 466 1810 go
488 1757 632 1809 gallica,
656 1757 690 1796 b.
720 1756 811 1796 Ten.
835 1758 875 1809 fl·
899 1771 990 1809 παρ.
1009 1757 1048 1796 5.
1072 1770 1108 1808 p.
1128 1757 1220 1796 2212.

365 1820 412 1860 F.
437 1819 825 1866 sericeo-albe-lanata‚
844 1819 946 1858 caule
967 1824 1088 1858 erecto
1104 1819 1181 1858 basi
1198 1831 1338 1858 ramoso
1355 1830 1509 1870 superne
1529 1816 1742 1862 dichotomo,
1766 1816 1876 1856 raniis

415 1880 689 1922 ascendentibus
712 1880 778 1920 sub
799 1880 1012 1920 dichotomia
1033 1879 1159 1926 nullis,
1182 1878 1277 1919 foliis
1298 1884 1452 1931 anguste
1469 1878 1665 1918 linearibus
1682 1884 1806 1918 erecto
1822 1891 1880 1930 pa-

424 1946 598 1991 tentibus,
626 1946 809 1998 supremis
829 1945 1095 1985 bracteantibus
1116 1944 1282 1984 recurvis
1303 1943 1457 1997 capitula
1477 1943 1735 1983 excedentibus
1755 1973 1765 1989 ,
1787 1942 1884 1994 capi-

418 2009 506 2050 tulis
527 2011 733 2062 paueisseris
753 2009 945 2050 sessilibus
965 2008 1216 2049 terminalibus
1238 2014 1273 2049 et
1292 2009 1330 2048 in
1347 2008 1576 2054 dichotomia‚
1596 2006 1753 2048 anthedii
1771 2018 1884 2058 angu-

428 2073 490 2114 lati
509 2073 640 2114 foliolis
661 2074 804 2114 mutieis
821 2073 1082 2115 obtusiusculis
1109 2073 1209 2126 apice
1240 2071 1376 2125 glabris
1397 2103 1407 2120 ‚
1437 2071 1678 2113 exterioribus
1712 2070 1883 2111 carinatis

418 2136 681 2177 arachnoideis.

371 2197 422 2237 lc.
448 2199 565 2237 nulla.

372 2261 414 2300 ln
436 2262 544 2301 aridis
561 2275 629 2302 nna
650 2275 730 2302 cum
751 2262 989 2316 praecedente
1010 2293 1019 2310 ‚
1043 2261 1105 2302 sed
1125 2261 1212 2303 hacc
1235 2261 1270 2301 in
1290 2259 1422 2314 apricis
1443 2259 1551 2300 siccis
1571 2258 1741 2299 demissis
1762 2257 1877 2310 magis

420 2322 536 2363 obvia.

371 2385 517 2431 Martio,
540 2383 647 2436 Majo.
670 2385 720 2434 <D

370 2447 501 2487 caules
521 2445 563 2485 ad
585 2457 764 2485 summum
787 2443 1033 2497 3-pollicares‚
1057 2444 1098 2484 ad
1124 2443 1281 2484 medium
1302 2440 1485 2496 simplices
1512 2456 1521 2483 :
1539 2442 1749 2494 {tomentum
1767 2442 1883 2494 magis

420 2510 631 2562 adpressum
647 2522 687 2549 ac
703 2509 881 2549 sericeum
898 2521 1002 2561 quam
1024 2509 1057 2548 in
1078 2508 1124 2548 F.
1148 2509 1287 2559 pellica
1305 2521 1317 2546 .·
1338 2507 1483 2547 semina
1503 2505 1611 2558 duplo
1630 2507 1706 2545 sere
1729 2506 1878 2551 minora,

424 2573 614 2625 minusque
634 2571 777 2612 cinerea
791 2594 845 2601 ——
868 2570 899 2611 A
921 2570 1156 2624 praecedente
1178 2582 1246 2610 non
1267 2574 1410 2623 separat
1430 2566 1489 2612 Gt.
1513 2566 1654 2607 Bertol.
1674 2567 1700 2606 l.
1720 2580 1752 2606 c.
