1982 3334
293 134 375 174 264»
825 145 994 174 οιοοτγι.
1016 156 1064 164 -—
1086 146 1173 174 mm
1186 147 1273 175 aran

357 241 409 281 lc.
433 240 494 282 Fl.
518 239 617 279 Dan.
641 238 721 279 523
736 261 792 270 --
810 239 938 279 Urtica
968 240 1065 280 iners
1087 271 1095 288 ‚
1119 240 1247 282 altera.
1271 239 1366 282 Dod.
1386 247 1532 295 pempt.
1559 241 1704 282 453--
1736 243 1863 284 Galeo-

404 302 483 355 psis
503 301 635 340 minor.
658 298 744 340 Rtv.
763 313 864 342 mon.
889 301 960 342 irr.
979 306 1008 341 t.
1034 300 1100 342 62.

360 363 403 403 ln
424 361 534 402 cultis
555 360 702 413 ubique.

358 425 524 473 Octobri,
552 425 667 478 Majo.
692 427 743 476 O

359 487 510 529 Corolla
530 498 650 534 rosea,
673 498 797 539 parva,
820 492 971 529 externe
988 486 1208 542 pubescens3
1231 487 1317 529 tubo
1335 487 1426 530 intra
1441 485 1598 541 calycern
1616 487 1781 530 incluso:
1806 502 1875 529 au-

417 552 543 591 merae
563 549 741 592 hirsutae.

915 693 995 726 283.
1014 690 1267 728 PRUNELLA.

730 806 816 848 Lin.
839 820 924 859 qen.
946 807 1003 860 pl.
1024 808 1080 847 ed.
1100 806 1253 849 Schreb.
1279 823 1317 849 u.
1343 808 1442 850 990.

314 937 350 976 1.
380 936 426 978 Ρ.
446 946 643 977 VULGAms.
667 933 754 975 Lin.
777 947 835 988 sp.
852 935 910 988 pl.
934 934 1079 976 838-
1097 934 1189 976 Ten.
1209 937 1250 988 sl.
1276 950 1367 990 imp.
1393 937 1433 977 2.
1453 950 1495 991 p.
1522 936 1646 978 42-
1669 935 1814 978 Berlol.
1835 939 1877 989 sl.

415 1000 499 1041 ital.
524 1000 562 1039 6.
583 1013 626 1052 p.
650 999 743 1039 250.

364 1065 417 1105 lc.
442 1063 571 1104 Sturm
589 1065 629 1115 sl.
647 1076 764 1114 germ.
785 1075 874 1116 par.
898 1064 931 1103 1.
950 1065 980 1115 f.
1003 1062 1270 1106 5—-Br11nella,
1293 1064 1430 1107 Factis.
1455 1065 1542 1106 hist.
1561 1078 1602 1120 p.
1628 1065 1762 1107 6:21--
1784 1065 1873 1108 Riv.

416 1142 516 1169 mon.
543 1129 614 1168 irr.
641 1133 667 1166 t.
691 1127 756 1167 29.

364 1193 420 1233 Ad
442 1206 560 1246 sepes,
588 1198 624 1232 et
646 1193 681 1231 in
704 1191 903 1242 sylvatieis.

365 1254 494 1300 Junio,
516 1252 680 1294 Octobri.
709 1252 754 1304 ἳῤ

362 1317 603 1364 Glaberrima‚
623 1316 715 1356 laete
733 1317 869 1356 virens:
893 1317 989 1369 folia
1011 1317 1262 1370 integerrima,
1280 1316 1336 1358 vel
1354 1317 1746 1372 dentato-pinnatilida:
1770 1318 1880 1371 flores

417 1395 563 1422 amoene
585 1381 759 1422 coerulei.
787 1382 922 1424 Confer
943 1390 1171 1434 sequentem.

307 1446 347 1486 ⁶2.
376 1446 423 1487 P.
447 1459 559 1486 ALBA.
582 1445 687 1486 Koch
704 1459 785 1498 syn.
809 1447 866 1485 ed.
889 1446 930 1486 9.
950 1460 992 1499 p.
1018 1446 1096 1486 660
1115 1448 1129 1485 Ι
1149 1470 1201 1478 --
1238 1446 1330 1488 Ten.
1355 1448 1396 1499 sl.
1421 1461 1508 1499 παρ.
1533 1446 1573 1487 lt.
1599 1448 1633 1488 in
1655 1461 1719 1501 pr.
1744 1448 1787 1488 in
1814 1449 1881 1499 sol.

416 1524 452 1561 p.
476 1510 590 1550 86——
610 1510 655 1550 P.
682 1510 859 1557 laciniam,
882 1511 916 1550 b.
936 1510 1021 1551 Lin.
1045 1525 1103 1563 sp.
1128 1511 1325 1563 pl.837--
1341 1511 1485 1552 Ber-tol.
1505 1515 1544 1564 sl.
1567 1512 1650 1551 ital.
1670 1512 1709 1553 6.
1727 1525 1769 1565 p.
1787 1511 1882 1553 952.

368 1571 415 1611 P.
440 1571 534 1611 soliis
554 1570 732 1622 petiolatis
753 1570 1137 1623 oblongo-lanceolatis
1159 1572 1312 1624 integris
1334 1571 1493 1612 obsolete
1516 1572 1670 1612 dentatis
1685 1603 1694 1619 ,
1726 1571 1808 1611 labii
1831 1583 1886 1609 ca-

419 1630 524 1682 lycini
545 1630 745 1683 superioris
765 1631 931 1670 dentibus
955 1630 1024 1670 late
1045 1632 1157 1671 ovatis
1179 1632 1557 1673 acuminato-aristatis
1571 1663 1580 1680 ‚
1604 1632 1787 1673 inferioris
1809 1632 1887 1671 lan-

421 1696 752 1736 ceolato-subulatis
769 1697 1103 1749 pectinato-oiliatis,
1121 1698 1335 1738 staminibus
1353 1698 1573 1750 longioribus
1590 1699 1691 1752 apice
1708 1699 1810 1752 spina
1824 1712 1889 1739 an-

421 1765 579 1799 trorsum
601 1767 745 1800 arcuata
767 1761 968 1801 instructis.

377 1826 429 1866 lc.
460 1826 505 1865 P.
532 1825 706 1866 laciniata.
732 1825 863 1867 Reich.
888 1834 982 1868 cent.
1001 1827 1041 1869 3.
1065 1830 1094 1880 f.
1118 1828 1214 1875 393,
1233 1840 1308 1869 var.
1333 1828 1395 1869 sol.
1421 1828 1639 1882 pinnatifidis
1655 1851 1710 1858 —
1732 1827 1889 1869 Brunel-

432 1888 465 1929 la
486 1901 522 1933 11,
552 1901 618 1929 non
641 1888 818 1941 vulgaris.
841 1889 940 1931 Clas.
967 1891 1051 1930 hist.
1076 1891 1115 1930 2.
1134 1904 1176 1943 p.
1201 1890 1268 1930 43.

381 1950 423 1990 ln
446 1949 627 2002 argillosis
651 1950 756 1990 elatis
777 1964 786 1997 ;
811 1957 932 1991 moute
954 1951 1057 1992 Vecta
1078 1953 1151 1993 alle
1173 1953 1350 2000 I’etrelle,
1373 1950 1415 1992 S.
1440 1951 1593 1994 Nicola.

373 2014 491 2065 Maj0,
512 2014 623 2054 Julio.
653 2013 697 2067 25

376 2078 505 2118 Planta
525 2084 647 2118 nostra
667 2092 747 2118 cum
770 2080 1009 2133 descriptione
1033 2082 1077 2123 C.
1101 2081 1203 2122 Koch
1224 2082 1250 2122 l.
1271 2095 1303 2122 c.
1327 2094 1371 2121 ex
1394 2093 1474 2121 asse
1496 2080 1645 2134 quadrat
1664 2093 1673 2126 ;
1707 2079 1884 2133 siquidem

425 2146 548 2184 dentes
569 2145 651 2185 labii
672 2146 820 2197 calycini
842 2148 1025 2187 inferioris
1056 2148 1445 2194 lanceolato—subulati,
1469 2147 1694 2199 marginibus
1716 2147 1828 2186 rectis
1845 2159 1887 2185 a-

426 2205 554 2252 eutati,
569 2207 661 2246 inter
679 2219 807 2246 nervos
823 2207 993 2247 laterales
1010 2221 1079 2248 non
1096 2209 1275 2256 venulosi,
1289 2207 1612 2262 pectinato-ciliati‚
1633 2213 1669 2248 et
1690 2208 1886 2248 staminum

426 2271 638 2324 longiorum
659 2274 761 2326 spina
781 2280 987 2314 antrorsum
1009 2282 1154 2316 arcuata
1174 2278 1203 2323 !‚
1227 2288 1295 2316 non
1315 2280 1416 2316 recta
1435 2280 1475 2314 ut
1496 2275 1531 2314 in
1552 2273 1597 2313 P.
1622 2274 1792 2325 vulgari,
1823 2286 1888 2313 nee

425 2336 468 2376 ad
488 2335 738 2389 gibbositatem
759 2337 923 2385 reducta,
948 2346 987 2379 ut
1008 2340 1042 2379 in
1065 2339 1109 2379 P.
1135 2341 1384 2392 grandislora.
1423 2339 1619 2378 Praeterea
1642 2338 1888 2378 characterem

426 2401 537 2440 istum
558 2402 695 2442 variare
718 2415 787 2442 non
808 2403 878 2442 vidi
894 2404 928 2443 in
945 2404 1112 2456 plurimis
1135 2404 1411 2458 speciminibus,
1432 2404 1581 2456 ideoque
1604 2402 1802 2443 sententiae
1825 2401 1884 2443 Cl.

427 2463 584 2513 Benth„
603 2467 664 2519 qui
688 2467 721 2507 in
739 2466 828 2507 Dec.
851 2482 916 2520 pr.
941 2470 1003 2509 12.
1021 2484 1062 2523 p.
1083 2471 1177 2518 410,
1198 2472 1302 2512 istam
1323 2483 1405 2511 cum
1427 2469 1471 2509 P.
1492 2468 1640 2519 vulyari
1660 2467 1812 2508 associat
1832 2480 1891 2507 as-

431 2531 567 2572 sentire
588 2544 726 2585 nequeo
743 2556 793 2564 ——
816 2533 903 2575 Sola
925 2535 1081 2576 varietas
1104 2536 1197 2577 soliis
1218 2535 1372 2588 integris
1394 2535 1428 2575 in
1450 2533 1606 2574 Inarime
1622 2531 1795 2573 occurrit.
