2034 3329
716 178 976 211 PRAEFA‘HO
1595 189 1625 211 xi

77 261 216 305 riebus
236 262 584 309 liorizontalibus‚
610 262 755 302 arcolis
774 262 867 301 aliis
889 262 980 302 aliis
1011 260 1345 303 accumbentibus
1366 274 1413 303 ac
1434 262 1484 303 ad
1501 275 1622 314 supe-

77 331 203 370 riores
226 329 411 381 proxime
434 327 669 380 adjaeentes
707 327 881 378 gradum
906 327 1146 367 facientibus
1169 328 1332 380 saepius
1355 328 1590 379 interjectis
1613 358 1625 375 ,

75 399 230 438 terram
256 396 435 437 nimium
457 397 632 437 solutam
653 396 914 435 suffulciunt.

129 460 315 502 Diffusae
336 464 459 513 atque
481 464 645 512 apertae
685 461 806 501 valles
836 461 878 500 in
904 458 1147 507 elatioribus
1176 460 1281 501 sitae
1313 460 1372 515 (1)
1402 463 1489 502 solo
1527 462 1633 502 fera-

73 530 182 571 ciori
209 542 255 571 ac
288 529 495 582 pinguiori
517 527 708 575 donatae,
741 529 909 569 arbusto
941 533 1010 568 aut
1033 527 1252 568 arboribus
1286 530 1412 569 variis
1445 529 1631 570 fructife-

76 599 134 640 ris
157 597 213 652 (2)
250 599 440 639 addictae
462 601 557 638 sunt
578 627 588 644 ‚
614 595 757 649 ibique
784 596 968 645 Quercus
995 596 1247 647 Cupanianu
1269 608 1315 637 ac
1344 598 1557 648 pubescens
1589 599 1627 636 in

78 663 259 714 amplam
296 665 445 705 molem
470 666 732 707 excrescunt3
759 674 863 714 quae
887 673 980 702 vero
1003 661 1132 713 magis
1155 662 1204 701 ad
1227 673 1434 701 summum
1459 661 1631 701 veniunt

82 729 233 783 (Plano
247 728 453 771 de'Muori
476 726 571 778 ped.
595 724 707 766 1312
721 738 844 778 supra
864 724 992 778 mare)
1011 725 1151 764 Pruno
1173 726 1391 771 &uosmet
1409 725 1549 765 acerba
1568 736 1631 765 so—

80 794 292 834 lummodo
315 793 563 845 assignatae.
588 791 778 842 Denique
802 789 1129 842 planities,quae
1153 790 1193 829 in
1218 790 1406 830 demissis
1429 793 1499 830 aut
1518 790 1630 829 litori

80 859 284 901 finitimae
313 863 474 905 extant,
499 859 561 900 vel
601 857 707 900 Cilri
736 856 951 909 speciebus
985 856 1106 897 variis
1144 854 1201 909 (3)
1244 857 1305 897 vel
1342 855 1522 903 Vicibus;
1560 859 1629 896 aut

83 925 151 966 ubi
172 926 305 967 solum
328 924 567 966 humentius
598 927 640 965 et
662 922 838 963 feracius
866 924 953 969 est,
980 926 1100 974 atque
1132 926 1249 973 putea
1276 933 1420 973 parum
1460 921 1630 973 profun-

78 992 130 1032 da
157 992 283 1034 effodi
306 997 477 1044 possunt
510 990 719 1045 (quamvis
752 1002 896 1031 earum
920 1002 1022 1043 aqua
1042 991 1150 1043 jugis
1172 1002 1217 1030 ac
1239 991 1414 1030 subsalsa
1437 990 1505 1042 sit)
1528 990 1631 1038 ,ole-

79 1058 194 1100 ribus
215 1058 384 1099 diversis
408 1060 627 1098 conserunt
651 1054 725 1109 (lt).

143 1127 191 1167 In
216 1126 411 1179 lapidosis
433 1125 643 1177 aridisque
666 1123 836 1164 collibus
867 1122 1134 1165 Cer-atomam
1157 1121 1358 1174 siliquam
1379 1126 1419 1163 et
1440 1122 1632 1174 frequen-

80 1193 162 1234 tius
189 1193 331 1235 Oleum
354 1194 530 1233 sativam
552 1195 730 1245 ponunt,
754 1192 867 1242 cujus
891 1191 1050 1231 cultura
1074 1192 1261 1242 quotidie
1283 1191 1540 1234 extenditur,
1563 1190 1633 1228 sed

81 1271 225 1301 earum
248 1261 420 1312 putandi
443 1262 550 1300 ratio
573 1260 749 1312 pessima
772 1262 851 1300 est.
877 1260 925 1299 ln
949 1260 1071 1299 elatis
1112 1260 1337 1299 marnaceis
1371 1259 1478 1311 agris
1516 1256 1634 1297 Rese-

81 1326 178 1365 dam
207 1324 426 1371 luteciam,
460 1323 614 1364 l'iciam
635 1324 906 1371 menantium,
940 1321 1147 1363 Hordeum
1176 1325 1344 1373 vutqare
1374 1335 1419 1363 ac
1448 1323 1632 1362 hexasti-

78 1392 201 1437 chon,
216 1390 415 1432 Triticum
436 1393 644 1444 lurqidum
665 1393 868 1432 aestivum
884 1393 1151 1442 compositum
1169 1403 1214 1431 ac
1234 1391 1456 1441 lusberumn
1475 1394 1629 1435 serunt:

81 1457 197 1511 cujus
227 1460 471 1511 posterioris
502 1460 629 1500 culmi
661 1460 711 1500 ad
748 1460 856 1501 varia
888 1471 1014 1511 opera
1049 1460 1211 1501 textilia
1245 1460 1498 1500 conficienda
1520 1489 1530 1505 ,
1568 1460 1629 1497 nti

83 1524 285 1577 capsulas,
308 1524 506 1572 cistellas,
528 1526 672 1577 pileos,
698 1529 801 1571 etc..
827 1525 1096 1565 adhibentur.

136 1589 355 1629 Praeterea
386 1591 439 1629 ob
465 1590 686 1630 incolarum
707 1602 923 1629 numerum
951 1590 991 1629 in
1016 1589 1106 1630 dies
1128 1594 1417 1642 augescentem
1441 1601 1634 1642 agrorum

71 1653 234 1694 cultura
266 1655 449 1707 quotidie
474 1656 594 1695 latius
619 1659 734 1707 patet
756 1686 764 1701 ‚
798 1657 852 1695 ita
877 1659 921 1695 ut
945 1667 1025 1694 non
1047 1655 1180 1696 solum
1211 1656 1298 1696 loca
1336 1659 1554 1708 praerupta
1590 1659 1633 1696 ct

72 1719 264 1762 sabulosa
290 1724 495 1764 maritima
519 1725 682 1764 subacta
709 1724 861 1771 videas,
887 1725 956 1763 sed
982 1725 1023 1763 in
1048 1724 1136 1775 ipsa
1157 1724 1379 1776 liquefacta
1402 1736 1494 1764 saxa
1520 1724 1532 1777 ζ
1553 1723 1633 1763 La—

71 1798 126 1826 vu
148 1785 360 1835 dell'Arso,
386 1801 409 1829 o
435 1787 634 1843 Cremate)
658 1789 707 1829 ad
728 1790 932 1830 orientem
956 1789 1066 1828 inter
1093 1788 1236 1829 Urbem
1259 1793 1301 1829 et
1330 1789 1468 1842 Boqno
1488 1790 1583 1835 sita,
1610 1803 1632 1829 e

71 1858 178 1896 terra
198 1854 330 1907 eJecta
350 1868 418 1897 an.
436 1855 763 1910 1301‚quamvis
780 1857 910 1898 adbuc
935 1858 1160 1910 nigerrima
1182 1871 1228 1898 ac
1250 1859 1510 1898 adustissima
1528 1858 1628 1901 sint,

115 1987 352 2033 (1)Cann1'ant',
369 1991 464 2032 Pico,
486 1992 542 2023 La
554 1994 690 2031 Sinna,
714 1993 947 2027 chianole-del
964 1993 1153 2033 Testacczb,
1168 1991 1265 2025 Valle
1279 1993 1336 2024 del
1346 1995 1499 2027 ema-one.

113 2045 158 2087 (2)
175 2043 269 2088 Pym
286 2044 400 2076 Malus
426 2050 456 2076 et
483 2049 677 2086 communis,
694 2047 834 2080 Prunus
850 2050 1002 2087 Cerasus,
1035 2056 1181 2089 austera,
1205 2049 1393 2088 doma-stica,
1423 2049 1565 2079 insititio
1591 2059 1625 2080 ac

69 2097 286 2139 Armeniaca,
304 2097 443 2132 Persica
460 2104 618 2144 vulgaris,
639 2104 754 2136 Morus
769 2104 861 2143 alba,
877 2101 996 2135 Sorbus
1013 2104 1206 2141 domestica,
1223 2103 1373 2148 Cydonia
1389 2104 1549 2144 vulgaris,
1568 2101 1599 2133 J
1597 2113 1633 2132 ιι.

64 2152 162 2191 glans
178 2151 279 2192 regia,
299 2155 363 2183 etc.

113 2204 159 2246 (3)
171 2205 286 2237 citrus
296 2204 437 2243 medica,
452 2202 659 2235 Aumatium
675 2207 704 2234 et
725 2203 858 2240 Limon,
876 2207 907 2235 at
923 2203 1083 2247 praecipue
1105 2203 1193 2236 istius
1210 2215 1277 2235 mr.
1302 2204 1448 2238 Calabra
1475 2207 1624 2248 (Limon-

67 2256 178 2298 cello),
196 2255 287 2297 cujus
302 2266 411 2287 succus
427 2265 584 2299 expressus
600 2265 711 2296 magno
727 2253 901 2287 incolarum
917 2255 1126 2287 emolumento
1141 2254 1179 2287 ad
1196 2260 1311 2287 exteros
1326 2263 1513 2299 exportatur.

116 2309 166 2352 (4)
182 2307 262 2341 Loca
277 2309 333 2342 ista
348 2313 431 2342 sunt:
451 2307 565 2340 Ischia
577 2309 646 2340 alla
660 2308 830 2349 Mandria,
848 2308 968 2352 Bagno
981 2311 1048 2343 alle
1061 2320 1163 2351 pezze
1175 2319 1192 2340 e
1210 2320 1323 2351 presso
1340 2311 1380 2341 al
1389 2309 1502 2352 Lago,
1520 2311 1636 2344 Lacco

72 2371 186 2403 presso
203 2360 238 2393 S.
255 2361 439 2400 Restituta,-
455 2358 555 2392 Forio
567 2372 678 2402 presso
694 2362 733 2393 al
740 2372 849 2402 paese,
873 2364 913 2393 al
926 2363 1125 2403 purgatorio
1144 2386 1152 2398 ,
1178 2360 1256 2393 eda
1274 2359 1407 2401 Citara;
1425 2363 1547 2406 planiae
1565 2375 1636 2396 vero

74 2417 154 2448 quae
171 2411 316 2444 coluntur
330 2415 490 2454 sequentes
505 2417 589 2444 sunt.-
601 2410 780 2444 Brassicae
791 2415 939 2444 oleracae
954 2413 1055 2455 plures
1065 2412 1224 2445 varietates
1235 2436 1244 2451 ,
1261 2412 1415 2446 Lactuca
1433 2419 1553 2454 sazava,
1579 2416 1635 2448 Ci-

76 2465 224 2496 chorium
240 2462 388 2495 Endt'm'a
402 2469 432 2495 et
448 2461 584 2507 Inlylms
598 2476 608 2503 ,·
624 2465 799 2505 Capsicum
812 2465 1018 2508 pyramidale
1034 2488 1043 2501 ,
1064 2475 1211 2495 annuum
1226 2488 1234 2502 ,
1265 2465 1474 2508 cerasisorme
1497 2473 1527 2498 et
1545 2479 1638 2509 gros-

80 2526 166 2557 sum,·
181 2515 430 2559 Lycopersicum
447 2514 656 2556 esculentum,
665 2514 852 2558 pyrisorme,
862 2513 1072 2556 cerasiforme
1085 2519 1114 2546 et
1129 2515 1554 2559 maemphyllum;Solanum
1567 2518 1638 2550 Me-

80 2567 215 2612 longena
229 2580 265 2601 ae
286 2570 471 2600 tuberosum
482 2594 490 2608 ‚
514 2567 671 2601 cucumis
697 2571 799 2608 Melo,
816 2571 944 2602 salivas
959 2574 988 2600 et
995 2570 1184 2610 flexuosus,
1205 2567 1373 2601 Cin-ullus
1388 2571 1542 2612 uulgaris,
1563 2574 1576 2603 (
1585 2573 1630 2602 'u-

79 2622 210 2654 curbt'ta
225 2622 385 2659 maximo,
404 2620 495 2662 Pepo
510 2625 540 2652 et
555 2632 775 2663 macrocarpa3
787 2622 972 2664 Lagenart'a
988 2620 1348 2665 vulgaris,Gossypium
1361 2624 1535 2662 siamensc,
1553 2623 1627 2655 Zea

79 2676 190 2720 Mays,
215 2676 369 2709 Dolichos
385 2676 723 2717 melanophahalmus,
747 2676 908 2711 Phaseoli
919 2678 1033 2722 species
1048 2678 1161 2709 variae.
1186 2676 1422 2710 Advertendum
1447 2683 1522 2723 puto
1545 2678 1628 2722 quod

76 2741 131 2763 nec
147 2730 270 2764 Lt’num
286 2731 553 2770 usitatissimum,
569 2740 624 2762 nec
639 2730 808 2765 Cannabis
824 2734 931 2766 satim
947 2733 980 2766 in
997 2732 1104 2765 Insula
1121 2731 1281 2766 coluntur.
