1982 3334
622 218 851 247 MONOCOTYL.
871 229 923 236 -
940 218 1160 247 ὺΒΑΜΙΝΕΑΕ
1577 201 1650 245 38Ῑ

163 308 263 346 lnter
284 306 421 346 Juncos
443 318 551 360 prope
584 307 771 360 Neapolim
802 310 838 347 ai
858 307 1020 359 Baynolz‘
1049 308 1169 348 inveni
1192 337 1200 353 ,
1237 311 1271 346 et
1295 306 1377 346 inde
1400 306 1434 346 in
1457 303 1535 346 loco
1556 311 1656 347 nota-

218 377 252 410 to
270 371 355 417 vidi,
379 370 438 410 ubi
455 383 548 411 nunc
567 371 643 410 fere
666 371 903 411 destructum.

716 524 796 556 398.
816 521 1050 557 AGROSTIS.

678 654 790 695 Endt.
809 670 893 707 qen.
919 671 956 695 n.
975 656 1062 697 810.

107 802 141 841 1.
171 800 218 840 A.
242 812 352 841 ΑιΒΑ.
377 797 460 839 Lim.
484 812 542 851 sp.
564 800 620 851 pl.
640 799 761 839 93-
780 798 865 840 Dec.
890 802 930 852 fl.
953 804 1006 852 fr.
1030 800 1070 841 3.
1092 815 1133 854 p.
1159 801 1239 849 22,
1273 806 1309 842 et
1330 801 1432 853 Duby
1460 802 1530 842 bot.
1555 803 1647 854 gall.

209 865 303 912 509,
327 877 370 904 ex
400 876 523 904 eorum
545 864 854 916 descriptionet—
878 868 923 903 Α.
943 865 1036 912 alba,
1055 880 1092 905 ιι.
1121 865 1212 905 Ten.
1236 866 1275 917 sl.
1300 879 1391 917 παρ.
1414 866 1452 905 3.
1472 880 1514 918 p.
1538 865 1648 906 53—-

210 927 366 969 Schrad.
390 929 429 979 fl.
454 941 569 979 [serm.
597 930 630 968 1.
654 942 694 980 p.
718 928 806 973 209,
835 935 870 968 et
892 928 1014 969 Smith
1035 931 1132 982 θηρὶ.
1156 931 1257 982 st.1.
1279 944 1320 983 p.
1346 930 1486 970 939—
1505 929 1550 969 Α.
1577 935 1648 969 sto-

210 988 374 1035 lonisera,
392 989 427 1027 d.
452 989 621 1039 yracilis.
649 987 749 1027 Pers.
775 1002 855 1040 syn.
879 992 912 1030 1.
935 1003 976 1041 p.
1005 990 1072 1029 75?

149 1052 196 1089 A.
222 1050 339 1090 radice
361 1055 507 1101 repente
530 1079 538 1094 ,
562 1047 663 1087 caule
700 1048 774 1087 basi
797 1061 937 1088 ramoso
967 1063 1071 1101 saepe
1100 1050 1142 1089 ad
1171 1050 1279 1090 nodos
1305 1050 1484 1089 radicante
1505 1080 1514 1096 ‚
1547 1050 1643 1090 soliis

200 1113 315 1166 planis
334 1112 467 1152 striatis
489 1113 652 1163 margine
674 1113 826 1159 scabris,
851 1112 959 1164 ligula
980 1113 1131 1166 oblonga
1152 1113 1293 1161 obtusa,
1312 1114 1474 1166 panicula
1496 1113 1639 1154 lanceo-

203 1176 446 1227 lam-oblonga
467 1176 533 1216 sub
555 1176 695 1216 antliesi
716 1182 873 1229 patente,
896 1184 978 1217 ante
1000 1184 1190 1230 posteaque
1207 1179 1468 1223 subcontracta,
1491 1177 1640 1231 spiculis

197 1237 538 1284 ovato-lanceolatis,
552 1238 664 1277 valvis
681 1238 846 1290 calycinis
867 1239 997 1291 patulis
1015 1240 1290 1291 subaequalibus
1308 1242 1461 1281 enerviis
1479 1240 1638 1280 obsoleto

200 1299 367 1339 carinatis
388 1298 705 1338 ovali-lanceolatis
727 1301 840 1340 acutis
863 1301 945 1350 (non
963 1300 1172 1339 acuminatis
1194 1301 1354 1352 margine
1374 1300 1645 1340 alludo-scario-

205 1362 270 1411 sis)
289 1361 332 1399 ad
353 1360 505 1399 carinam
529 1372 596 1398 una
613 1372 693 1398 cum
710 1360 921 1412 pedunculis
952 1360 1283 1412 hispidulo-scabris
1305 1362 1479 1401 valvulam
1496 1359 1644 1401 corolli-

202 1433 280 1460 nam
302 1420 472 1470 majorem
490 1419 650 1458 obtusam
669 1420 888 1460 3-dentatam
910 1422 985 1460 fere
1006 1421 1112 1473 duplo
1132 1423 1397 1473 superantibus.

149 1483 202 1522 lc.
230 1480 334 1519 Leers
366 1481 509 1519 herber.
532 1493 572 1531 p.
596 1480 660 1519 21.
684 1486 711 1519 t.
737 1481 776 1519 4.
800 1483 828 1531 f.
853 1481 890 1520 5.
917 1483 1023 1532 (nam
1048 1482 1167 1521 valvae
1189 1483 1341 1521 muticae
1360 1514 1368 1528 ,
1405 1483 1471 1522 sub
1497 1482 1637 1521 anthesi

199 1541 467 1582 horizontalitcr
488 1546 668 1592 patentes,
684 1541 840 1592 spiculae
857 1542 1007 1588 albulae,
1030 1543 1170 1581 demum
1194 1544 1430 1583 flavescentes
1448 1545 1481 1583 in
1502 1543 1645 1593 deser.)

197 1607 244 1643 A.
266 1607 461 1641 coarctata.
482 1600 611 1639 ltez’ch.
636 1607 731 1640 cent.
764 1603 820 1640 11.
840 1604 869 1652 f.
907 1603 1027 1642 1431?
1050 1604 1164 1654 quoad
1185 1604 1345 1643 habitum
1372 1610 1409 1644 et
1432 1604 1569 1655 calyces
1585 1627 1640 1634 -·

197 1668 244 1707 A.
274 1666 381 1706 varia.
407 1664 498 1703 Host
514 1678 571 1716 φ’.
592 1671 707 1705 austr.
728 1665 768 1704 4.
793 1671 819 1705 t.
845 1666 895 1705 57
910 1697 919 1713 ‚
945 1668 990 1707 ic.
1016 1669 1160 1707 sinistra
1182 1682 1224 1708 ex
1243 1668 1407 1708 Marsch.

141 1732 173 1770 b.
199 1730 313 1770 valvis
336 1728 471 1781 glabris
501 1729 543 1767 ad
567 1728 724 1768 carinam
751 1729 923 1770 elevatam
952 1732 1088 1771 intense
1125 1732 1321 1772 virentibus
1343 1763 1352 1779 ‚
1388 1732 1549 1784 margine
1579 1732 1637 1772 vix

193 1791 376 1831 scariosis.

145 1856 185 1896 Iu
202 1855 333 1908 apricis
354 1853 532 1900 herbosis,
547 1859 583 1893 et
604 1854 638 1892 in
660 1854 781 1894 cultis:
804 1868 877 1895 var.
899 1871 935 1903 a,
961 1856 1142 1897 Chianole
1162 1859 1219 1897 del
1236 1858 1434 1903 Testaceio,
1458 1859 1494 1897 al
1510 1864 1630 1897 monte

196 1915 298 1955 Vecta
315 1946 323 1961 ,
360 1914 403 1953 ed
423 1915 500 1953 alla
520 1915 635 1953 salita
668 1915 762 1954 delle
785 1915 943 1955 Peli-elle
966 1948 974 1964 ‚
1009 1919 1044 1956 al
1059 1920 1177 1970 piano
1199 1920 1241 1958 de
1262 1919 1303 1958 M
1309 1920 1390 1960 aori
1406 1949 1415 1967 ‚
1439 1920 1476 1959 al
1496 1918 1595 1960 Jetto
1625 1933 1632 1959 z

195 1992 272 2019 var.
298 1979 330 2017 b,
351 1980 451 2018 nella
471 1984 578 2030 parte
599 1979 702 2018 bassa
723 1980 820 2019 della
840 1994 928 2020 cava
949 1983 987 2022 dt
1011 1981 1196 2023 Cerambi.

142 2040 272 2093 Aprili,
299 2039 408 2090 Majo.
433 2038 477 2090 ΞΔ

141 2103 321 2158 Spiculae
337 2104 372 2142 in
394 2103 458 2142 hac
488 2103 530 2142 ob
553 2102 730 2143 valvarum
753 2104 903 2157 figuram
924 2106 1265 2148 ovato-lanceolatae
1287 2138 1295 2155 ‚
1320 2121 1388 2148 non
1413 2114 1538 2149 exacte
1562 2108 1637 2148 lan-

189 2167 357 2212 ceolatae,
380 2166 430 2205 uti
449 2167 482 2205 in
505 2173 695 2218 sequente:
720 2170 847 2208 valvae
863 2171 960 2221 apice
978 2184 1045 2210 non
1061 2172 1295 2219 acuminatam
1316 2172 1459 2225 saepius
1478 2173 1636 2224 semipa-

194 2233 313 2268 tentes
334 2250 384 2257 —-
408 2228 610 2278 Synonyma
631 2241 741 2280 pauca
762 2230 805 2269 ad
826 2230 916 2270 hanc
938 2239 974 2271 et
995 2241 1205 2284 sequentem
1229 2234 1331 2272 citavi
1354 2265 1361 2280 ‚
1387 2235 1468 2285 quia
1495 2235 1634 2286 species

191 2291 367 2331 extricatu
384 2291 566 2338 difficiles,
591 2297 627 2331 et
647 2304 665 2331 a
686 2292 869 2345 plerisque
892 2296 1097 2336 auctoribus
1115 2297 1149 2336 in
1171 2298 1314 2337 unicam
1336 2298 1521 2338 confusae.

80 2352 119 2391 2.
147 2352 193 2392 A.
215 2365 480 2393 sroLONJFEnA.
508 2351 590 2391 [λη.
614 2365 672 2404 sp.
695 2354 751 2405 pl.
772 2354 888 2394 93-—
906 2355 993 2396 Dec.
1019 2358 1045 2396 l.
1071 2371 1102 2396 c.
1127 2371 1167 2409 p.
1195 2358 1249 2397 23
1270 2389 1279 2404 ‚
1303 2365 1342 2399 et
1360 2358 1464 2409 Duby
1483 2360 1510 2399 l.
1535 2373 1567 2399 c.
1589 2373 1630 2410 p.

186 2417 282 2463 503,
305 2429 352 2457 ex
368 2429 491 2456 eorum
509 2417 747 2469 descriptione
809 2419 853 2458 Α.
879 2419 1051 2466 alba‚var.
1072 2422 1106 2460 b.
1136 2421 1230 2462 Ten.
1255 2424 1295 2474 sl.
1320 2436 1411 2474 nep.
1436 2423 1474 2463 3.
1499 2437 1539 2475 p.
1564 2424 1630 2462 53.

136 2477 183 2517 A.
208 2478 324 2517 radice
347 2477 571 2524 stolonisera,
595 2478 712 2518 culmo
727 2478 803 2518 basi
826 2480 1048 2528 subrmnoso,
1069 2482 1161 2522 l'oliis
1180 2483 1292 2535 planis
1310 2485 1446 2523 striatis
1464 2485 1628 2535 margine

186 2540 337 2587 scabris,
362 2540 471 2591 ligula
492 2540 643 2593 oblonga
663 2542 803 2589 obtusa,
828 2544 988 2595 panicula
1008 2544 1379 2598 lanceolam-elongata
1401 2547 1632 2587 densiuscula

185 2604 252 2644 sub
274 2605 413 2644 anthesi
436 2610 579 2657 patente
600 2611 703 2646 antea
723 2613 915 2660 posteaque
937 2615 1115 2648 contracta
1134 2641 1141 2656 ‚
1160 2610 1372 2661 pedunculis
1395 2611 1635 2663 hispido—sca-

184 2665 271 2710 bris,
296 2665 404 2704 valvis
423 2665 697 2718 subaequalibus
715 2667 920 2708 lanceolatis
937 2669 1145 2708 acuminatis
1163 2670 1339 2722 exquisite
1356 2671 1524 2710 carinatis
1542 2671 1633 2724 (pal-

190 2727 257 2765 lide
274 2727 473 2766 virentibus
494 2727 611 2779 opacis
629 2728 640 2779 )
661 2729 703 2768 ad
723 2730 878 2769 carinam
900 2743 969 2769 una
991 2743 1070 2769 cum
1089 2731 1301 2783 pedunculis
1332 2732 1630 2785 hispido—scabris

188 2799 370 2830 caeterum
415 2791 549 2843 glabris
588 2793 760 2833 valvulam
797 2794 1003 2834 ‹roi‘ollinam
1028 2796 1201 2846 majorem
1225 2802 1422 2836 truncatam
1462 2798 1647 2840 tridenta-.

189 2860 257 2892 tam
281 2852 550 2892 excedentibus.
