1982 3334
569 252 731 281 mcorri..
752 262 799 269 —
816 253 1040 282 coairoslTAE
1524 245 1599 283 ‘too

103 339 214 389 MaJo,
241 338 364 377 Junio.
395 336 437 388 ‘M

95 399 280 440 Anchodta
300 405 435 440 tantum
457 399 748 439 subcanescentia
769 402 803 438 in
821 413 856 438 a.
877 412 916 439 ac
932 402 1021 440 setis
1038 402 1151 453 nigris
1172 402 1416 453 eglandulosis
1440 434 1448 450 ,
1470 403 1526 444 vel
1544 416 1597 444 ra-

151 474 191 503 ro
210 462 459 514 glanduliferis
480 467 574 501 tecta
593 475 601 506 ;
626 474 716 513 quae
738 469 835 501 setae
856 464 889 501 in
911 463 1123 514 pedunculis
1144 464 1329 516 aliquando
1349 466 1535 506 deficiunt:
1557 468 1592 506 in

150 523 183 560 b.
207 522 403 573 pectunculi
423 521 681 573 pubescentes,
704 522 785 573 pilis
805 522 971 562 viridulis
1007 525 1140 575 sparsis
1176 526 1338 577 rarisque
1373 527 1594 578 glandulosis

153 585 319 625 instructi
339 599 347 624 :
371 585 546 624 anthodta
566 585 909 636 cano-pubescentia
927 599 936 631 ;
959 586 1079 626 foliola
1101 587 1144 626 ad
1164 594 1297 628 costam
1324 591 1513 642 praecipue
1544 603 1601 630 sc-

152 649 198 688 tis
220 649 346 700 rigidis
368 649 481 700 nigris
502 648 745 699 eglaudulosis
767 649 847 687 aliis
868 649 1089 700 glandulosis
1111 651 1323 692 intermixtis
1345 658 1437 692 tecta
1456 667 1463 693 :
1499 655 1594 704 solia

148 719 238 748 vero
262 709 297 747 in
317 708 479 760 utrisque
500 707 645 753 similia,
669 713 706 747 et
727 716 781 747 sat
811 721 890 748 raro
919 709 953 748 in
988 710 1020 748 b.
1059 709 1141 761 pilis
1176 711 1329 751 stellatis
1365 712 1590 753 brevissimis

148 782 342 823 conspersa
361 784 369 816 ;
401 771 435 811 in
456 783 524 823 qua
543 771 712 810 varietate
732 771 918 824 aliquando
938 784 1032 811 unus
1052 778 1113 812 aut
1134 772 1226 813 alter
1247 786 1290 813 ex
1311 775 1508 816 stolonibus
1539 778 1599 817 sso-

148 835 236 873 riscr
256 840 324 874 est.

40 896 77 936 3.
99 896 142 935 H.
163 908 352 936 CfflNlTUM.
381 895 498 935 Stbth.
524 902 557 935 et
579 895 701 935 Sonith
721 898 761 947 fl.
785 909 842 949 φ’.
866 910 922 949 pr.
948 897 984 937 Ξ.
1007 911 1049 950 p.
1076 898 1150 938 134
1167 922 1219 928 —
1240 899 1330 940 Ten.
1360 902 1400 952 sl.
1427 915 1517 955 nup.
1552 902 1590 941 5.

148 972 189 1010 p.
217 959 289 998 195
304 982 358 988 —-
374 958 461 999 Dec.
486 973 541 1011 pr.
564 960 600 999 7.
617 973 658 1012 p.
679 960 770 999 993.

96 1022 139 1060 ll.
165 1022 265 1062 caule
287 1028 407 1063 erecto
427 1023 643 1076 pilosissimo
664 1036 821 1076 superne
843 1023 968 1064 solioso
988 1024 1064 1064 basi
1081 1025 1235 1077 aphyllo‚
1254 1025 1347 1066 foliis
1366 1027 1597 1079 piloso-cilia*

147 1082 195 1121 tis
216 1082 666 1134 viridi-glaucescentibus,
689 1083 903 1123 radicalibus
924 1084 1205 1137 ovato-oblongis
1226 1089 1340 1127 uetitis
1360 1086 1436 1127 basi
1466 1100 1593 1139 grosse

143 1142 297 1182 dentatis
319 1143 423 1194 louge
445 1143 641 1194 petiolatis,
663 1143 813 1183 caulinis
833 1143 946 1183 ovatis
968 1143 1332 1195 (bracteaesormibus
1352 1147 1500 1199 parvis)
1516 1160 1596 1187 ses-

145 1201 273 1242 silibus
294 1202 540 1253 integerrimis
569 1203 778 1242 acuminatis
799 1233 808 1248 ‚
836 1202 1050 1254 pedunculis
1077 1202 1305 1257 bracteisque
1325 1206 1564 1247 villosissimis
1585 1237 1594 1253 ,

150 1262 300 1302 floribus
320 1261 757 1313 raceinoso-coryrnbosis‚
780 1262 958 1301 autliodiis
974 1268 1080 1302 tenue
1102 1264 1393 1315 pubescentibus.

96 1324 148 1364 lc.
174 1324 220 1363 H.
246 1324 329 1365 solio
350 1330 448 1364 ovato
468 1330 571 1364 acuto
592 1324 718 1364 leviter
739 1325 893 1371 sinuato,
916 1325 1111 1365 Pilosellae
1135 1327 1314 1379 lanugine.
1335 1328 1433 1368 Bon.
1451 1336 1478 1369 t.
1501 1329 1591 1369 144.

96 1385 130 1423 b.
153 1385 372 1436 ylabratum,
399 1384 500 1423 caule
521 1384 733 1436 pedunculis
753 1384 981 1437 bracteisque
1007 1385 1091 1437 pilis
1121 1385 1236 1438 longis
1263 1387 1353 1427 albis
1382 1389 1563 1430 destitutis
1585 1421 1596 1436 ,

147 1445 300 1485 anthedii
322 1444 450 1485 foliolis
472 1445 669 1485 virentibus
690 1445 787 1498 apice
803 1445 984 1497 adpressis
1005 1445 1132 1486 setulis
1149 1448 1261 1499 nigris
1277 1448 1518 1501 eglandulosis
1539 1453 1593 1503 pi-

144 1509 261 1561 lisque
282 1509 451 1548 brevibus
474 1509 692 1561 conspersis.

95 1573 150 1612 Ad
171 1585 309 1612 muros.
332 1572 374 1612 ad
395 1584 520 1625 rupes,
543 1572 599 1612 vel
615 1573 659 1612 ad
680 1578 811 1612 terram
834 1573 868 1611 in
892 1571 1075 1611 umbrosis
1093 1575 1226 1624 passim
1246 1587 1255 1619 3
1279 1586 1354 1614 var.
1373 1575 1406 1615 b.
1429 1576 1540 1615 salita,
1556 1577 1596 1616 dt

144 1635 271 1674 metra
291 1636 492 1687 spurcitia,
519 1648 654 1675 cavone
674 1637 766 1674 delle
788 1634 881 1674 Rose
902 1666 911 1682 ,
933 1636 1028 1675 selva
1047 1637 1105 1674 del
1128 1635 1356 1688 Castiyltone
1374 1670 1382 1683 ‚
1408 1639 1447 1678 dt
1467 1638 1596 1678 Paeti-a

147 1698 262 1746 Vana,
285 1700 341 1738 del
362 1698 396 1737 F
396 1712 521 1744 (teano,
548 1713 566 1738 e
586 1700 679 1739 delle
701 1699 734 1738 F
736 1701 910 1751 almigyhe,
932 1706 1054 1739 monte
1078 1699 1260 1753 Trippitt',
1281 1702 1393 1741 salita
1407 1701 1503 1741 dalle
1523 1701 1593 1740 Pe-

144 1762 250 1801 trelle
270 1776 292 1801 a
312 1768 432 1802 monte
459 1762 574 1801 Vena.

97 1823 319 1876 Septembri,
344 1823 507 1863 Octobri.
534 1822 578 1875 25

85 1886 197 1926 Folia
218 1886 253 1925 in
276 1899 350 1926 var.
370 1900 406 1925 a.
431 1887 573 1938 saepius
593 1886 840 1938 integerrima,
855 1891 895 1925 ut
914 1887 948 1924 in
967 1886 1101 1938 specie,
1114 1899 1153 1925 ac
1171 1888 1345 1927 intensius
1365 1889 1516 1927 virentia
1540 1890 1591 1927 uti

142 1951 318 1989 anthodta
336 1964 347 1987 .·
371 1951 440 1989 ista
461 1963 528 1990 non
549 1949 740 2002 puberula,
762 1950 898 1989 foliolis
918 1950 1016 2001 apice
1036 1950 1253 2001 adpressis!‚
1278 1950 1405 1989 sctulis
1426 1951 1538 2002 nigris
1554 1963 1593 1988 e-

140 2013 359 2065 glandulosis
380 2018 416 2053 et
435 2013 517 2066 pilis
537 2013 706 2053 brevibus
746 2026 941 2065 conspersa
961 2028 968 2051 :
994 2014 1135 2052 habitus
1161 2026 1283 2065 parum
1306 2013 1443 2053 alienus
1472 2036 1526 2042 -—
1559 2013 1590 2051 A

139 2075 189 2115 H.
218 2077 393 2127 sylvatico
414 2089 480 2116 non
500 2076 673 2129 disjungit
694 2077 752 2117 Cl.
776 2076 917 2116 Bertol.
943 2079 976 2116 in
993 2078 1032 2128 fl.
1058 2078 1138 2116 ital.
1161 2076 1198 2115 8.
1222 2090 1262 2128 p.
1287 2076 1380 2124 485,
1404 2078 1467 2116 sed
1488 2076 1522 2114 in
1541 2076 1587 2114 it-

140 2137 202 2178 lud
222 2150 290 2178 non
312 2140 456 2178 transit.

41 2200 79 2239 4.
102 2199 148 2239 Η.
171 2211 364 2241 LAcrAms.
389 2199 530 2240 Bertol.
556 2213 699 2239 amoen.
721 2213 763 2252 p.
784 2200 848 2244 64,
874 2206 909 2239 et
929 2201 968 2252 sl.
995 2201 1074 2239 ital.
1099 2199 1136 2239 8.
1159 2214 1200 2252 p.
1218 2199 1363 2239 505—
1381 2199 1425 2238 H.
1454 2198 1593 2239 umbel-

141 2260 269 2307 latum,
291 2260 324 2300 b.
349 2261 515 2300 lactaris.
536 2259 624 2299 Dec.
647 2273 710 2312 pr.
731 2261 766 2299 7.
783 2273 824 2312 p.
843 2261 937 2300 224.

88 2323 133 2363 H.
157 2324 337 2376 glabrum,
355 2323 485 2376 pallide
508 2325 646 2371 virens,
669 2323 770 2364 caule
791 2324 908 2376 rigido
931 2322 1175 2376 oligoceplialo
1198 2328 1320 2363 erecto
1341 2321 1464 2375 glabro
1494 2323 1536 2362 ad
1557 2335 1591 2362 a-

140 2386 254 2438 picem
275 2386 639 2432 umbellam-ramoso,
661 2385 755 2426 foliis
777 2385 1150 2437 lanceolam-oblongis
1172 2384 1377 2435 (tenuibus)
1399 2384 1589 2424 sessilibus

140 2445 219 2485 laxe
240 2445 482 2492 denticulatis,
507 2446 685 2497 supremis
706 2445 824 2485 subito
844 2445 1058 2485 abbreviatis
1079 2443 1418 2484 bracteaeformibus
1434 2449 1586 2495 anguste

138 2504 356 2550 lanceolatis,
383 2505 540 2545 anthedii
561 2509 666 2544 tenue
688 2504 916 2557 pubescentis
936 2517 976 2545 ac
996 2504 1145 2544 virentis
1166 2503 1297 2543 foliolis
1318 2505 1536 2554 squarrosis.

88 2567 139 2607 lc.
164 2568 208 2607 H.
234 2568 380 2607 sabaudi
399 2569 555 2608 varietas
575 2569 704 2622 prima,
726 2569 861 2609 Erinus
882 2568 1093 2622 quibusdam
1117 2567 1295 2607 Matthioli
1315 2566 1420 2606 dicta.
1455 2565 1577 2605 ΒιιιιΙι.

139 2628 226 2667 hist.
245 2627 284 2667 2.
306 2641 347 2680 p.
372 2627 486 2668 1030.

91 2690 132 2731 ln
152 2689 331 2742 sylvaticis
352 2692 489 2744 asperis
508 2704 517 2737 ;
541 2692 634 2731 salve
655 2693 712 2731 del
732 2691 875 2744 Bayuo,
903 2692 942 2731 dt
963 2690 1202 2742 castiglione,
1239 2690 1277 2730 dt
1299 2689 1584 2736 Casstirticcz'ola,

137 2751 176 2790 di
199 2748 407 2797 Camillam,
443 2765 462 2791 e
482 2752 521 2791 dt
539 2750 730 2794 Camtiani
747 2766 875 2806 presso
897 2752 930 2792 F
932 2757 1085 2798 octana,
1110 2764 1245 2792 cavone
1270 2751 1363 2790 delle
1384 2749 1549 2797 Nocelle,
1572 2765 1590 2790 e

142 2814 234 2853 delle
256 2813 363 2854 Rosc.

96 2874 317 2927 Septembri,
348 2875 508 2916 Octobri.
533 2874 577 2927 24
