1982 3334
317 213 397 253 33ss
819 210 1052 241 niouocorrc.
1075 219 1124 226 -
1145 206 1338 236 Limaeam:

427 306 684 365 superantibus
701 337 710 354 ‚
740 303 832 357 stylo
858 314 928 343 non
956 300 1144 352 elongato,
1171 294 1328 350 capsulis
1349 291 1552 334 obcordatis
1573 290 1746 344 profunde
1769 301 1887 329 emar-

377 380 644 491 Ιεὲιὲἓξῗιῑω.
664 439 692 475 t.
712 430 904 474 6—Ten.
925 430 951 470 l.
972 442 1004 469 c.
1025 433 1051 468 t.
1074 426 1162 468 137.
1186 427 1214 478 f.
1233 424 1259 465 2
1281 445 1332 453 —
1357 419 1454 472 Moly
1471 419 1605 459 minus.
1626 415 1727 458 Clas.
1747 416 1832 456 hist.
1851 416 1886 454 1.

460 536 468 543 .
495 502 584 543 192.

379 519 559 609 lnpvineis
578 557 859 604 humidiusculis
877 587 885 603 ,
909 555 952 595 ad
972 553 1166 598 maceries,
1189 550 1232 590 ad
1253 559 1377 589 muros
1393 576 1403 594 ‚
1425 544 1469 585 ad
1488 555 1599 597 rupes
1615 541 1765 594 ubique,
1786 550 1892 593 prae-

428 627 557 669 sertim
576 625 623 664 da
645 618 919 663 Casamicciola
940 630 963 655 a
981 614 1017 655 F
1020 615 1115 654 orio.

376 690 513 746 Aprili,
534 688 648 740 Majo.
672 686 716 740 ΞΛ

378 753 438 796 el.
465 750 560 790 Ten.
583 748 610 789 l.
633 760 667 786 c.
691 744 805 785 adhuc
832 741 1038 794 suspicatur
1059 734 1106 776 A.
1131 736 1302 776 ciliatum
1326 731 1412 784 ΟΨ.
1437 730 1481 770 ab
1501 727 1549 768 A.
1572 728 1779 767 subhirsuto
1800 723 1886 767 Lin,

431 815 594 859 differre,
615 811 762 850 innixus
782 805 991 848 auctoritate
1013 800 1220 856 speciminis
1240 798 1342 838 missi
1363 809 1383 835 a
1397 794 1535 839 Merat,·
1551 793 1614 832 sed
1629 791 1717 832 mihi
1737 801 1807 830 non
1823 787 1892 826 dis-

425 881 524 920 serre
543 876 725 916 videntur.

328 947 368 987 ὃ.
396 944 443 985 Α.
465 951 718 988 TRIQUETRUM.
742 934 828 976 Liu.
851 947 910 989 sp.
931 934 989 987 pl.
1013 931 1162 972 431-
1182 927 1275 968 Ten.
1294 927 1335 978 sl.
1360 938 1450 977 παρ.
1473 925 1508 963 1.
1530 935 1572 975 p.
1599 918 1672 960 168
1694 913 1891 957 —Berlol.

393 1004 653 1112 10&thle
671 1000 869 1106 {²351}—
888 1063 934 1102 A.
958 1059 1139 1114 palustre,
1162 1057 1362 1109 trigonum,
1376 1031 1532 1092 'candido
1552 1046 1781 1100 hyacinthino
1797 1074 1806 1091 ‚
1830 1055 1898 1084 seu

435 1132 684 1187 campanulato
703 1130 792 1171 flore
808 1127 979 1182 pendulo,
993 1125 1087 1165 linea
1102 1122 1208 1162 viridi
1224 1131 1288 1174 per
1304 1117 1476 1158 medium.
1496 1114 1594 1154 Bon.
1615 1118 1642 1152 t.
1661 1110 1731 1157 24,
1750 1108 1895 1162 optima.

387 1198 434 1237 ln
454 1193 690 1236 humentibus
710 1189 877 1232 herbosis
893 1219 902 1235 ,
928 1187 972 1227 ad
993 1197 1098 1238 sepes
1116 1215 1124 1231 ,
1148 1183 1191 1223 ad
1211 1192 1334 1222 muros
1351 1209 1360 1225 ,
1389 1179 1426 1217 in
1456 1175 1637 1228 sylvaticis
1665 1171 1743 1212 solo
1763 1167 1896 1213 fertili;

440 1269 507 1298 nec
526 1267 598 1296 non
619 1255 655 1293 in
675 1250 872 1306 pinguibus
892 1247 1092 1293 umbrosis,
1114 1245 1176 1285 ubi
1206 1245 1219 1296 (
1240 1242 1294 1283 uti
1315 1240 1412 1280 nelle
1433 1238 1529 1277 selva
1549 1237 1588 1276 dt
1610 1233 1787 1284 Cati-eea)
1821 1230 1905 1271 solia

437 1332 478 1359 ac
499 1317 597 1370 scapi
618 1311 888 1367 sesquipedales
908 1309 1082 1351 evadunt.

384 1383 534 1429 Martio,
556 1380 689 1434 Aprili.
718 1377 762 1430 ΞΔ

382 1446 417 1487 F
419 1447 513 1485 tores
534 1441 685 1487 candidi,
712 1452 784 1480 uno
804 1437 918 1477 latere
938 1432 1100 1488 penduli,
1114 1444 1154 1471 ac
1177 1441 1283 1483 scapo
1305 1423 1538 1480 approximati
1554 1435 1563 1469 ;
1580 1420 1719 1474 petalis
1735 1417 1902 1469 oblongo-

436 1506 660 1551 laneeolatis,
677 1501 907 1547 acuminatis,
931 1499 1052 1539 carina
1071 1495 1289 1539 virentibus,
1308 1491 1374 1532 sub
1392 1488 1533 1530 anthesi
1552 1482 1824 1538 eainpanulutis,
1846 1480 1906 1519 de·

434 1581 534 1610 mum
555 1563 845 1607 conniventibus:
868 1561 1032 1600 stamina
1053 1557 1183 1612 petalis
1202 1555 1387 1596 breviora:
1408 1549 1561 1604 capsula
1577 1542 1902 1597 turbinato-globo·-

437 1642 490 1670 sa:
515 1629 604 1669 odor
623 1626 792 1667 alliaceus
813 1623 932 1663 fortis.

867 1767 889 1806 S
912 1759 976 1798 11.
1006 1757 1226 1798 Scononou.
1251 1752 1369 1793 Koch.

499 1888 595 1929 Rad.
624 1885 795 1927 bulbosa:
819 1893 952 1934 scapus
973 1879 1125 1923 inferne,
1152 1874 1211 1916 vel
1239 1874 1280 1914 ad
1307 1872 1464 1913 medium
1488 1870 1582 1910 soliis
1611 1868 1780 1908 vestitus:
1811 1866 1904 1919 solia

555 1952 658 2006 plana
672 1981 682 1997 ‚
703 1954 764 1989 aut
794 1944 989 1987 subturetia
1005 1974 1014 1991 ,
1043 1941 1217 1995 profunde
1247 1936 1478 1978 canaliculata
1493 1966 1502 1982 ‚
1527 1946 1592 1973 non
1614 1945 1698 1973 vero
1719 1931 1899 1972 fistulosa:

557 2022 666 2055 stam.
691 2011 882 2066 simplicia,
904 2008 982 2049 basi
1002 2006 1189 2059 aliquando
1209 2005 1362 2047 dentata,
1385 2001 1455 2040 inio
1475 1997 1675 2052 petulorum
1696 1997 1847 2035 inserta.

340 2144 376 2183 7.
406 2142 451 2182 A.
477 2149 652 2181 svrivum.
677 2135 762 2175 Lin.
786 2147 844 2187 sp.
862 2133 918 2185 pl.
943 2130 1037 2171 425.

398 2207 452 2247 Ic.
481 2203 633 2244 Allium.
657 2200 752 2241 Dod.
773 2204 918 2254 pompe.
942 2210 982 2251 p.
1003 2194 1094 2236 682.

395 2265 553 2306 Colitur.

398 2329 516 2375 Ma'o,
542 2326 663 2367 Junio.
716 2350 730 2366 A

395 2342 516 2444 Vungo
535 2389 663 2443 Ayzio,
686 2323 732 2428 gt!
740 2387 874 2440 passim
893 2384 993 2425 bulbi
1010 2383 1053 2423 ad
1074 2381 1168 2422 varia
1188 2379 1355 2419 alimenta
1375 2371 1568 2414 condienda
1584 2368 1811 2412 adhibentur.

342 2457 383 2498 8.
410 2457 456 2496 A.
482 2456 710 2498 Coppomm.
739 2451 830 2491 Tin.
854 2454 925 2491 cat.
958 2449 1052 2488 hort.
1082 2445 1179 2485 Pan.
1206 2442 1318 2483 1827.
1345 2454 1388 2493 p.
1411 2437 1506 2484 257,
1529 2435 1621 2476 etin
1642 2432 1745 2473 Guss.
1769 2444 1849 2483 syn.
1876 2431 1910 2471 1.

489 2551 496 2559 .
519 2518 614 2559 394.

403 2533 581 2635 A.Pscapo
600 2584 718 2621 terete
739 2578 881 2618 inferne
902 2575 1040 2619 tolioso‚
1066 2572 1162 2613 foliis
1183 2566 1469 2611 semitcretibus‚
1494 2560 1620 2616 spatha
1638 2557 1785 2605 bivaivi,
1812 2557 1916 2597 valva

454 2647 569 2687 altera
588 2645 754 2695 elongata
774 2641 939 2682 subulata
954 2637 1145 2680 umbellam
1165 2634 1347 2687 globosam
1369 2631 1515 2670 densam
1535 2624 1731 2666 excedente
1752 2653 1761 2670 ‚
1782 2621 1917 2675 pedun-

455 2707 549 2748 culis
584 2704 753 2746 tenuibus
782 2700 1016 2745 subdiffusis,
1047 2695 1258 2737 staminibus
1286 2689 1512 2732 silisorniibus
1538 2683 1654 2738 petala
1684 2683 1808 2723 obtusa
1837 2681 1921 2733 (de-

414 2822 416 2824 ,
455 2784 555 2812 mum
577 2768 707 2820 albida)
731 2764 1047 2819 subaequantibus‚
1075 2760 1166 2813 stylo
1183 2757 1418 2808 antherisque
1438 2751 1575 2793 exertis
1589 2780 1598 2796 ‚
1621 2746 1779 2801 capsulis
1800 2744 1920 2799 globo-

457 2837 508 2875 sis
528 2834 696 2886 trigonis.

409 2900 462 2940 lc.
485 2900 531 2940 A.
556 2903 779 2943 montanum,
804 2896 922 2948 Cepae
944 2893 1054 2939 foliis,
1078 2893 1165 2933 {lore
1187 2894 1222 2932 ct
1241 2888 1361 2931 odore.
1388 2882 1484 2923 Bon.
1510 2885 1535 2919 t,
1560 2878 1625 2918 95.
