1982 3334
634 224 800 254 excomm.
823 235 870 243 α·-
888 225 1128 255 soLANAeEAss
1584 214 1663 256 ⁶227

206 327 265 353 αα.
293 312 491 365 Chiajano,
513 312 682 361 Βαναηο,
710 313 895 360 Fontcma,
922 313 1116 354 Serrano:
1140 326 1215 356 var.
1236 316 1269 355 t.
1298 315 1442 368 Hagno,
1471 315 1659 357 Casamie-

204 377 317 424 clota,
340 376 465 424 Lacco,
488 376 602 417 Forto
623 391 631 417 ε
656 390 731 417 var.
756 378 809 417 bb.
834 377 979 430 Nepoti
1001 392 1022 417 α
1039 378 1181 419 Portica
1198 394 1205 420 τ
1225 392 1299 420 var.
1325 394 1356 420 c.
1381 393 1502 432 presso
1523 382 1538 420 ’ὶ
1557 393 1641 419 mm·

209 450 232 475 a
251 449 352 476 seceo
372 438 469 476 delta
488 438 612 476 strada
635 439 699 477 che
719 439 780 477 dat
806 437 991 477 Vacattere
1021 440 1180 478 conditae
1211 441 1246 479 al
1273 440 1460 481 Tcscaccio
1483 454 1490 479 :
1521 453 1596 480 var.
1619 442 1653 480 d.

203 498 317 548 magis
340 509 444 547 quam
464 497 626 548 reliquae
646 497 832 536 varietates
845 499 977 549 passim
998 498 1113 538 obvia:
1130 511 1204 538 var.
1224 513 1255 539 e.
1275 512 1384 553 prope
1406 499 1442 540 N
1445 503 1604 553 capolim
1624 502 1663 541 αἱ

205 559 427 606 Camaldoli,
451 574 473 598 α
495 558 535 599 S.
551 559 679 607 Croce,
702 561 744 599 cd
765 562 804 600 (ιὶ
821 560 983 600 Gurmtai
1000 575 1006 600 ι
1026 574 1101 602 var.
1121 564 1150 614 f.
1172 562 1351 604 Ghtanote
1373 566 1430 604 dcl
1456 565 1660 606 Testaccio:

208 636 282 663 var,
307 638 342 674 9.
369 624 402 662 ln
420 624 586 663 demissis
608 625 819 669 commuuis;
851 624 977 664 Ischia
998 624 1154 665 ell'Orto
1175 628 1271 666 della
1292 627 1482 675 Mundrict,
1509 629 1658 681 Baano,

215 685 499 733 Casamiceiola‚
522 686 650 733 LaccO,
677 688 791 727 Forio
811 703 821 726 .·
846 700 920 728 var.
944 703 1003 740 [Μ.
1029 690 1064 728 in
1085 690 1193 731 cultis
1214 691 1316 731 elatis
1333 698 1413 744 post
1433 705 1604 740 messem,
1623 700 1659 734 et

214 748 249 786 in
270 748 395 793 vineis;
415 754 535 787 monte
560 747 742 799 Trippz‘ti,
769 750 933 789 nett’alco
949 751 1045 789 della
1061 751 1155 790 valle
1175 753 1213 791 dt·
1229 751 1382 800 Buceto,
1399 759 1519 793 monte
1543 754 1659 802 Vetto,

210 822 228 847 e
250 810 311 859 fre
330 807 503 846 Fontana
524 821 542 846 e
566 806 608 847 S.
627 807 763 848 Nicola
785 821 792 847 :
819 820 892 849 var.
917 810 953 850 h.
978 811 1057 850 cti.
1078 811 1115 850 at
1130 810 1276 863 Bayno,
1295 812 1359 852 sed
1379 825 1494 854 rarae.

158 872 214 911 Ab
239 871 352 924 Aprili
370 871 411 910 ad
433 884 553 911 serum
569 878 796 920 autumnum,
814 886 929 926 usque
952 874 1036 914 dum
1056 879 1153 915 terra
1169 875 1253 927 gelu
1271 889 1340 916 non
1361 878 1546 925 consistat⁷
1570 884 1609 919 ut
1631 881 1666 919 in

210 936 326 988 plagis
348 935 577 976 calidioribus
603 949 610 975 :
630 949 706 980 var,
730 937 763 976 b.
787 951 818 978 c.
843 938 877 977 d.
897 943 934 978 ct
949 952 985 989 9.
1005 950 1112 992 saepe
1128 938 1205 979 basi
1221 940 1470 981 suffruticosae
1492 942 1659 989 evadunt,

214 1001 251 1035 et
266 1007 331 1047 per
351 995 485 1046 aliquot
506 1007 618 1035 annos
638 996 846 1048 perdurant.

157 1054 275 1106 Vulgo
298 1054 555 1094 Posmadorella
575 1056 764 1107 selvagfflia
788 1069 855 1095 una
876 1069 957 1096 cum
980 1063 1168 1109 sequente.

160 1109 201 1149 In
220 1109 383 1155 ominbus
408 1110 626 1149 enumeratis
647 1111 877 1150 varietatibus
900 1118 1092 1163 sequentes
1114 1112 1509 1168 characteres‚'praeter
1528 1115 1608 1156 illos
1633 1118 1668 1157 in

207 1173 329 1226 phrasi
350 1173 513 1226 specifica
535 1179 691 1221 notatos,
712 1181 916 1215 constantes
937 1188 977 1214 ac
1000 1188 1205 1216 communes
1226 1183 1309 1217 sunt
1328 1191 1336 1218 ε
1368 1180 1490 1218 caules
1512 1184 1548 1221 et
1569 1177 1669 1219 rami

210 1236 292 1289 plus
314 1237 431 1276 minus
452 1237 723 1289 ungulato-alati
745 1251 752 1277 :
782 1239 876 1289 folia
897 1239 1064 1291 petiolata
1079 1270 1087 1286 ‚
1110 1240 1240 1291 petiolo
1261 1240 1518 1289 canaliculato;
1549 1244 1663 1283 media

214 1305 250 1338 ct
271 1300 455 1352 superiora
473 1301 630 1352 gemina,
652 1300 764 1341 altero
780 1302 941 1342 minore:
964 1303 1073 1354 flores
1093 1302 1163 1342 albi
1192 1333 1200 1350 ,
1235 1316 1415 1356 nunquam
1435 1305 1669 1346 ochroleucos

210 1364 264 1403 uti
286 1362 424 1402 Griseb.
448 1364 482 1403 in
502 1365 597 1416 spic.
621 1366 661 1416 sl.
686 1364 794 1404 Ram.
818 1366 916 1417 221.
936 1365 1004 1413 53,
1028 1372 1061 1405 et
1080 1365 1142 1412 58,
1165 1372 1199 1406 et
1220 1368 1381 1408 nonnulli
1411 1369 1534 1409 dicunt
1564 1370 1634 1410 vidi
1658 1402 1666 1417 ‚

214 1424 364 1470 inodori,
388 1424 560 1464 diametro
579 1424 791 1464 2-3-lineari
813 1439 821 1471 ;
847 1425 999 1465 corollae
1022 1425 1128 1466 limbo
1148 1426 1332 1479 explanato
1352 1460 1361 1475 ‚
1394 1429 1449 1469 vel
1479 1442 1559 1470 raro
1590 1443 1670 1470 con-

211 1499 299 1526 vexo
319 1500 326 1525 z
349 1487 542 1538 filamenta
561 1488 720 1534 candida;
746 1490 910 1528 antheras
932 1488 1074 1530 luteolis
1094 1489 1258 1531 breviora
1273 1522 1282 1538 ,
1303 1490 1385 1543 plus
1405 1493 1523 1532 minus
1544 1498 1666 1546 paten-

212 1553 271 1587 ter
292 1547 415 1587 villosa
431 1553 491 1587 aut
506 1547 651 1600 glabra:
670 1550 781 1600 stylus
798 1548 914 1597 albus,
933 1551 992 1589 vix
1012 1549 1107 1590 ultra
1122 1550 1350 1590 antherarum
1366 1551 1474 1592 tubus
1496 1560 1661 1601 exertus,

213 1612 310 1664 apice
332 1624 435 1664 saepe
452 1612 600 1651 curvulo
621 1626 629 1658 ;
653 1615 822 1664 stifflnate
843 1614 1013 1666 capitato:
1039 1613 1167 1654 baccae
1189 1626 1331 1667 sempor
1352 1616 1474 1667 nigrae
1494 1618 1502 1655 l
1521 1640 1569 1646 —
1586 1618 1663 1657 Sed

214 1671 440 1711 characteres
463 1671 649 1712 variabiles
671 1680 769 1720 sunt,
789 1674 1052 1725 pubescentia,
1077 1680 1112 1714 et
1129 1676 1217 1713 odor
1236 1675 1444 1716 moschatus
1465 1682 1526 1718 aut
1550 1677 1672 1719 nullus

217 1735 253 1774 in
274 1735 395 1789 eadem
417 1736 585 1775 varietate
605 1749 669 1788 pro
690 1736 849 1776 locorum
871 1742 995 1777 natura
1016 1744 1052 1778 et
1072 1738 1271 1791 plantarum
1291 1744 1419 1779 aetate.

166 1797 365 1838 Varietates
391 1799 557 1851 superius
580 1799 711 1840 relatae
742 1802 895 1840 seorsim
916 1807 1092 1854 spectatae
1120 1803 1257 1854 species
1287 1803 1454 1843 videntur
1473 1804 1635 1844 diversae
1657 1837 1665 1851 ,

223 1861 287 1901 sed
321 1868 402 1914 post
432 1862 592 1903 sedulam
614 1864 872 1916 inspectionem
894 1865 1052 1917 plurium
1084 1864 1285 1917 plantarum
1306 1867 1504 1906 viventium
1529 1867 1668 1906 nullum

217 1922 359 1961 firmum
381 1923 621 1962 characterem
643 1924 775 1971 detexi,
795 1926 850 1976 cuj
859 1938 898 1963 us
915 1938 979 1976 ope
997 1925 1066 1964 rite
1086 1925 1246 1977 dignosci
1263 1927 1400 1977 possint
1419 1957 1428 1973 ‚
1447 1932 1483 1966 et
1499 1940 1604 1979 saepe
1625 1928 1668 1966 ab

218 1999 286 2025 uua
306 1987 348 2024 anl
368 1986 513 2026 alteram
529 1988 716 2027 transitus.
733 1989 805 2027 IIac
818 1990 952 2028 ratione
968 1989 1112 2035 (luctus,
1131 1990 1183 2028 uti
1199 1990 1361 2040 ejusdem
1383 1992 1516 2042 speciei
1533 1991 1665 2030 formas

216 2046 420 2098 peculiares
456 2046 561 2085 retuli
579 2077 587 2093 ,
617 2052 653 2085 et
673 2060 795 2086 earum
818 2049 1045 2087 characteres
1068 2048 1296 2100 habitumque
1318 2050 1435 2089 notavi
1455 2063 1463 2095 ;
1496 2055 1532 2089 at
1553 2051 1583 2089 si
1605 2050 1666 2089 ali-

214 2110 294 2161 quis
309 2121 373 2162 pro
389 2109 541 2150 diversis
557 2110 745 2163 speciebus
766 2110 895 2150 habere
917 2110 1042 2158 nollet,
1067 2112 1117 2150 sic
1135 2123 1194 2151 eas
1212 2113 1471 2154 enumerandas
1492 2125 1664 2168 propono:

223 2235 258 2275 1.
288 2234 331 2275 S.
357 2237 515 2288 nigrum.
536 2235 622 2276 Lm.
820 2260 876 2268 -—-
899 2237 942 2278 S.
963 2239 1107 2291 nigrum
1124 2251 1160 2278 a.
1179 2240 1394 2291 yenuinum.

221 2298 260 2339 2.
285 2300 328 2339 S.
352 2299 619 2340 frutiCulosum.
645 2300 747 2340 Guss.
826 2325 877 2331 -—
901 2302 944 2342 S.
969 2303 1112 2354 nigrum
1131 2303 1164 2342 b.

273 2361 306 2398 b.
329 2361 541 2412 pubescens.
817 2385 874 2392 —-
899 2363 943 2402 S.
968 2364 1111 2415 nigrum
1133 2364 1186 2403 bb.

218 2420 255 2458 3.
285 2420 328 2461 S.
356 2420 658 2462 Reichembachii.
685 2422 786 2461 Guss.
811 2445 867 2453 --
891 2423 935 2463 S.
960 2423 1103 2476 nigrum
1120 2438 1203 2464 6.-
1223 2424 1267 2465 S.
1289 2424 1508 2465 oleraceum.
1534 2424 1664 2465 Reteh.

1003 2499 1073 2527 non
1093 2488 1197 2528 alior.

275 2548 308 2587 b.
343 2549 663 2601 atriplieifolium.
817 2573 873 2581 —
897 2549 940 2590 S.
966 2552 1111 2602 nigrum
1133 2552 1264 2592 d.--S.
1285 2551 1521 2593 moschatum.
1543 2552 1663 2599 Prest,

1003 2619 1039 2653 et
1059 2613 1161 2654 Guss.

280 2689 311 2714 e.
337 2675 582 2716 divaricatum
820 2700 875 2707 --—
899 2675 943 2716 S.
967 2677 1110 2728 nigrum
1129 2691 1161 2718 c.

221 2738 259 2776 4,
291 2737 333 2776 S.
358 2736 530 2790 patulum.
551 2736 653 2777 Guss.
822 2762 878 2769 --
901 2738 944 2778 S.
966 2739 1109 2790 nigrum
1128 2742 1157 2791 f.

182 2807 184 2809 ’
225 2799 261 2838 5.
293 2798 335 2838 S.
360 2799 601 2850 parvissoruni.
626 2797 719 2838 Eud.
822 2822 878 2828 .-
902 2799 945 2839 S.
971 2799 1115 2851 nigrum
1134 2814 1171 2852 9.
1196 2799 1375 2841 Budaroi.

331 2862 363 2901 b.
389 2863 684 2914 microphyllum.
822 2886 877 2893 --
902 2863 944 2903 S.
970 2864 1113 2915 nigrum
1133 2878 1193 2916 99.
